%YAML 1.1
%TAG !u! tag:unity3d.com,2011:
--- !u!1001 &5026395713927410541
PrefabInstance:
  m_ObjectHideFlags: 0
  serializedVersion: 2
  m_Modification:
    serializedVersion: 3
    m_TransformParent: {fileID: 0}
    m_Modifications:
    - target: {fileID: -8821465718712525128, guid: 10ec3fc22d1b944b5a6784f021bc384d, type: 3}
      propertyPath: m_TagString
      value: Breaking
      objectReference: {fileID: 0}
    - target: {fileID: -8679921383154817045, guid: 10ec3fc22d1b944b5a6784f021bc384d, type: 3}
      propertyPath: m_LocalPosition.x
      value: 0
      objectReference: {fileID: 0}
    - target: {fileID: -8679921383154817045, guid: 10ec3fc22d1b944b5a6784f021bc384d, type: 3}
      propertyPath: m_LocalPosition.y
      value: 0
      objectReference: {fileID: 0}
    - target: {fileID: -8679921383154817045, guid: 10ec3fc22d1b944b5a6784f021bc384d, type: 3}
      propertyPath: m_LocalPosition.z
      value: 0
      objectReference: {fileID: 0}
    - target: {fileID: -8679921383154817045, guid: 10ec3fc22d1b944b5a6784f021bc384d, type: 3}
      propertyPath: m_LocalRotation.w
      value: 1
      objectReference: {fileID: 0}
    - target: {fileID: -8679921383154817045, guid: 10ec3fc22d1b944b5a6784f021bc384d, type: 3}
      propertyPath: m_LocalRotation.x
      value: -0
      objectReference: {fileID: 0}
    - target: {fileID: -8679921383154817045, guid: 10ec3fc22d1b944b5a6784f021bc384d, type: 3}
      propertyPath: m_LocalRotation.y
      value: -0
      objectReference: {fileID: 0}
    - target: {fileID: -8679921383154817045, guid: 10ec3fc22d1b944b5a6784f021bc384d, type: 3}
      propertyPath: m_LocalRotation.z
      value: -0
      objectReference: {fileID: 0}
    - target: {fileID: -8679921383154817045, guid: 10ec3fc22d1b944b5a6784f021bc384d, type: 3}
      propertyPath: m_LocalEulerAnglesHint.x
      value: 0
      objectReference: {fileID: 0}
    - target: {fileID: -8679921383154817045, guid: 10ec3fc22d1b944b5a6784f021bc384d, type: 3}
      propertyPath: m_LocalEulerAnglesHint.y
      value: 0
      objectReference: {fileID: 0}
    - target: {fileID: -8679921383154817045, guid: 10ec3fc22d1b944b5a6784f021bc384d, type: 3}
      propertyPath: m_LocalEulerAnglesHint.z
      value: 0
      objectReference: {fileID: 0}
    - target: {fileID: -7177567229854175135, guid: 10ec3fc22d1b944b5a6784f021bc384d, type: 3}
      propertyPath: m_IsActive
      value: 1
      objectReference: {fileID: 0}
    - target: {fileID: -7177567229854175135, guid: 10ec3fc22d1b944b5a6784f021bc384d, type: 3}
      propertyPath: m_TagString
      value: Breaking
      objectReference: {fileID: 0}
    - target: {fileID: -6728553407265240498, guid: 10ec3fc22d1b944b5a6784f021bc384d, type: 3}
      propertyPath: m_IsActive
      value: 1
      objectReference: {fileID: 0}
    - target: {fileID: -6728553407265240498, guid: 10ec3fc22d1b944b5a6784f021bc384d, type: 3}
      propertyPath: m_TagString
      value: Breaking
      objectReference: {fileID: 0}
    - target: {fileID: -6688704558112688438, guid: 10ec3fc22d1b944b5a6784f021bc384d, type: 3}
      propertyPath: m_IsActive
      value: 1
      objectReference: {fileID: 0}
    - target: {fileID: -6688704558112688438, guid: 10ec3fc22d1b944b5a6784f021bc384d, type: 3}
      propertyPath: m_TagString
      value: Breaking
      objectReference: {fileID: 0}
    - target: {fileID: -6390323708564591007, guid: 10ec3fc22d1b944b5a6784f021bc384d, type: 3}
      propertyPath: m_TagString
      value: Breaking
      objectReference: {fileID: 0}
    - target: {fileID: -5693580953138952670, guid: 10ec3fc22d1b944b5a6784f021bc384d, type: 3}
      propertyPath: m_TagString
      value: Breaking
      objectReference: {fileID: 0}
    - target: {fileID: -5508614961486544260, guid: 10ec3fc22d1b944b5a6784f021bc384d, type: 3}
      propertyPath: m_TagString
      value: Breaking
      objectReference: {fileID: 0}
    - target: {fileID: -4637634962309782140, guid: 10ec3fc22d1b944b5a6784f021bc384d, type: 3}
      propertyPath: m_IsActive
      value: 1
      objectReference: {fileID: 0}
    - target: {fileID: -4637634962309782140, guid: 10ec3fc22d1b944b5a6784f021bc384d, type: 3}
      propertyPath: m_TagString
      value: Breaking
      objectReference: {fileID: 0}
    - target: {fileID: -3987491397218443334, guid: 10ec3fc22d1b944b5a6784f021bc384d, type: 3}
      propertyPath: m_TagString
      value: Breaking
      objectReference: {fileID: 0}
    - target: {fileID: -3689674242972349007, guid: 10ec3fc22d1b944b5a6784f021bc384d, type: 3}
      propertyPath: m_IsActive
      value: 1
      objectReference: {fileID: 0}
    - target: {fileID: -3689674242972349007, guid: 10ec3fc22d1b944b5a6784f021bc384d, type: 3}
      propertyPath: m_TagString
      value: Breaking
      objectReference: {fileID: 0}
    - target: {fileID: -2325712400172209419, guid: 10ec3fc22d1b944b5a6784f021bc384d, type: 3}
      propertyPath: m_IsActive
      value: 1
      objectReference: {fileID: 0}
    - target: {fileID: -2325712400172209419, guid: 10ec3fc22d1b944b5a6784f021bc384d, type: 3}
      propertyPath: m_TagString
      value: Breaking
      objectReference: {fileID: 0}
    - target: {fileID: -1116725930435371366, guid: 10ec3fc22d1b944b5a6784f021bc384d, type: 3}
      propertyPath: m_TagString
      value: Breaking
      objectReference: {fileID: 0}
    - target: {fileID: -631804335359757939, guid: 10ec3fc22d1b944b5a6784f021bc384d, type: 3}
      propertyPath: m_TagString
      value: Breaking
      objectReference: {fileID: 0}
    - target: {fileID: -242685658152881788, guid: 10ec3fc22d1b944b5a6784f021bc384d, type: 3}
      propertyPath: m_IsActive
      value: 1
      objectReference: {fileID: 0}
    - target: {fileID: -242685658152881788, guid: 10ec3fc22d1b944b5a6784f021bc384d, type: 3}
      propertyPath: m_TagString
      value: Breaking
      objectReference: {fileID: 0}
    - target: {fileID: 386623079623488249, guid: 10ec3fc22d1b944b5a6784f021bc384d, type: 3}
      propertyPath: m_TagString
      value: Breaking
      objectReference: {fileID: 0}
    - target: {fileID: 463942015171625881, guid: 10ec3fc22d1b944b5a6784f021bc384d, type: 3}
      propertyPath: m_TagString
      value: Breaking
      objectReference: {fileID: 0}
    - target: {fileID: 919132149155446097, guid: 10ec3fc22d1b944b5a6784f021bc384d, type: 3}
      propertyPath: m_Name
      value: BC2
      objectReference: {fileID: 0}
    - target: {fileID: 919132149155446097, guid: 10ec3fc22d1b944b5a6784f021bc384d, type: 3}
      propertyPath: m_IsActive
      value: 1
      objectReference: {fileID: 0}
    - target: {fileID: 919132149155446097, guid: 10ec3fc22d1b944b5a6784f021bc384d, type: 3}
      propertyPath: m_TagString
      value: Breaking
      objectReference: {fileID: 0}
    - target: {fileID: 1003036174251356385, guid: 10ec3fc22d1b944b5a6784f021bc384d, type: 3}
      propertyPath: m_TagString
      value: Breaking
      objectReference: {fileID: 0}
    - target: {fileID: 1179285053596135923, guid: 10ec3fc22d1b944b5a6784f021bc384d, type: 3}
      propertyPath: m_TagString
      value: Breaking
      objectReference: {fileID: 0}
    - target: {fileID: 1669274107717087961, guid: 10ec3fc22d1b944b5a6784f021bc384d, type: 3}
      propertyPath: m_TagString
      value: Breaking
      objectReference: {fileID: 0}
    - target: {fileID: 2045883648554368066, guid: 10ec3fc22d1b944b5a6784f021bc384d, type: 3}
      propertyPath: m_IsActive
      value: 1
      objectReference: {fileID: 0}
    - target: {fileID: 2045883648554368066, guid: 10ec3fc22d1b944b5a6784f021bc384d, type: 3}
      propertyPath: m_TagString
      value: Breaking
      objectReference: {fileID: 0}
    - target: {fileID: 2088270880408761061, guid: 10ec3fc22d1b944b5a6784f021bc384d, type: 3}
      propertyPath: m_TagString
      value: Breaking
      objectReference: {fileID: 0}
    - target: {fileID: 2252080385207754811, guid: 10ec3fc22d1b944b5a6784f021bc384d, type: 3}
      propertyPath: m_TagString
      value: Breaking
      objectReference: {fileID: 0}
    - target: {fileID: 4117235115632597980, guid: 10ec3fc22d1b944b5a6784f021bc384d, type: 3}
      propertyPath: m_TagString
      value: Breaking
      objectReference: {fileID: 0}
    - target: {fileID: 4635402006900757889, guid: 10ec3fc22d1b944b5a6784f021bc384d, type: 3}
      propertyPath: m_TagString
      value: Breaking
      objectReference: {fileID: 0}
    - target: {fileID: 5248242872507060943, guid: 10ec3fc22d1b944b5a6784f021bc384d, type: 3}
      propertyPath: m_TagString
      value: Breaking
      objectReference: {fileID: 0}
    - target: {fileID: 6515653505043408992, guid: 10ec3fc22d1b944b5a6784f021bc384d, type: 3}
      propertyPath: m_TagString
      value: Breaking
      objectReference: {fileID: 0}
    - target: {fileID: 6668711825938794182, guid: 10ec3fc22d1b944b5a6784f021bc384d, type: 3}
      propertyPath: m_IsActive
      value: 1
      objectReference: {fileID: 0}
    - target: {fileID: 6668711825938794182, guid: 10ec3fc22d1b944b5a6784f021bc384d, type: 3}
      propertyPath: m_TagString
      value: Breaking
      objectReference: {fileID: 0}
    - target: {fileID: 6759159116773285234, guid: 10ec3fc22d1b944b5a6784f021bc384d, type: 3}
      propertyPath: m_IsActive
      value: 1
      objectReference: {fileID: 0}
    - target: {fileID: 6759159116773285234, guid: 10ec3fc22d1b944b5a6784f021bc384d, type: 3}
      propertyPath: m_TagString
      value: Breaking
      objectReference: {fileID: 0}
    - target: {fileID: 6853161731586998454, guid: 10ec3fc22d1b944b5a6784f021bc384d, type: 3}
      propertyPath: m_TagString
      value: Breaking
      objectReference: {fileID: 0}
    - target: {fileID: 6914053657243333240, guid: 10ec3fc22d1b944b5a6784f021bc384d, type: 3}
      propertyPath: m_TagString
      value: Breaking
      objectReference: {fileID: 0}
    - target: {fileID: 7693281176197798827, guid: 10ec3fc22d1b944b5a6784f021bc384d, type: 3}
      propertyPath: m_TagString
      value: Breaking
      objectReference: {fileID: 0}
    m_RemovedComponents: []
    m_RemovedGameObjects: []
    m_AddedGameObjects: []
    m_AddedComponents:
    - targetCorrespondingSourceObject: {fileID: -6688704558112688438, guid: 10ec3fc22d1b944b5a6784f021bc384d, type: 3}
      insertIndex: -1
      addedObject: {fileID: 5115663603597627058}
    - targetCorrespondingSourceObject: {fileID: -6688704558112688438, guid: 10ec3fc22d1b944b5a6784f021bc384d, type: 3}
      insertIndex: -1
      addedObject: {fileID: 8852391789611468020}
    - targetCorrespondingSourceObject: {fileID: -6728553407265240498, guid: 10ec3fc22d1b944b5a6784f021bc384d, type: 3}
      insertIndex: -1
      addedObject: {fileID: 6526502846052992006}
    - targetCorrespondingSourceObject: {fileID: -6728553407265240498, guid: 10ec3fc22d1b944b5a6784f021bc384d, type: 3}
      insertIndex: -1
      addedObject: {fileID: 7902026938044201942}
    - targetCorrespondingSourceObject: {fileID: -1116725930435371366, guid: 10ec3fc22d1b944b5a6784f021bc384d, type: 3}
      insertIndex: -1
      addedObject: {fileID: 392641044865769308}
    - targetCorrespondingSourceObject: {fileID: -1116725930435371366, guid: 10ec3fc22d1b944b5a6784f021bc384d, type: 3}
      insertIndex: -1
      addedObject: {fileID: 5504588139588339594}
    - targetCorrespondingSourceObject: {fileID: -5693580953138952670, guid: 10ec3fc22d1b944b5a6784f021bc384d, type: 3}
      insertIndex: -1
      addedObject: {fileID: 978591858708241798}
    - targetCorrespondingSourceObject: {fileID: -5693580953138952670, guid: 10ec3fc22d1b944b5a6784f021bc384d, type: 3}
      insertIndex: -1
      addedObject: {fileID: 4591807180223752181}
    - targetCorrespondingSourceObject: {fileID: -2325712400172209419, guid: 10ec3fc22d1b944b5a6784f021bc384d, type: 3}
      insertIndex: -1
      addedObject: {fileID: 453036161918720942}
    - targetCorrespondingSourceObject: {fileID: -2325712400172209419, guid: 10ec3fc22d1b944b5a6784f021bc384d, type: 3}
      insertIndex: -1
      addedObject: {fileID: 8960402264105571769}
    - targetCorrespondingSourceObject: {fileID: -7177567229854175135, guid: 10ec3fc22d1b944b5a6784f021bc384d, type: 3}
      insertIndex: -1
      addedObject: {fileID: 975590460375607822}
    - targetCorrespondingSourceObject: {fileID: -7177567229854175135, guid: 10ec3fc22d1b944b5a6784f021bc384d, type: 3}
      insertIndex: -1
      addedObject: {fileID: 5132450217707660209}
    - targetCorrespondingSourceObject: {fileID: -4637634962309782140, guid: 10ec3fc22d1b944b5a6784f021bc384d, type: 3}
      insertIndex: -1
      addedObject: {fileID: 1208689497159159356}
    - targetCorrespondingSourceObject: {fileID: -4637634962309782140, guid: 10ec3fc22d1b944b5a6784f021bc384d, type: 3}
      insertIndex: -1
      addedObject: {fileID: 6613773282911223338}
    - targetCorrespondingSourceObject: {fileID: 2045883648554368066, guid: 10ec3fc22d1b944b5a6784f021bc384d, type: 3}
      insertIndex: -1
      addedObject: {fileID: 7052666506215148814}
    - targetCorrespondingSourceObject: {fileID: 2045883648554368066, guid: 10ec3fc22d1b944b5a6784f021bc384d, type: 3}
      insertIndex: -1
      addedObject: {fileID: 774398943373678676}
    - targetCorrespondingSourceObject: {fileID: 463942015171625881, guid: 10ec3fc22d1b944b5a6784f021bc384d, type: 3}
      insertIndex: -1
      addedObject: {fileID: 2670907738139427212}
    - targetCorrespondingSourceObject: {fileID: 463942015171625881, guid: 10ec3fc22d1b944b5a6784f021bc384d, type: 3}
      insertIndex: -1
      addedObject: {fileID: 5722963830678198132}
    - targetCorrespondingSourceObject: {fileID: 5248242872507060943, guid: 10ec3fc22d1b944b5a6784f021bc384d, type: 3}
      insertIndex: -1
      addedObject: {fileID: 828837310550751592}
    - targetCorrespondingSourceObject: {fileID: 5248242872507060943, guid: 10ec3fc22d1b944b5a6784f021bc384d, type: 3}
      insertIndex: -1
      addedObject: {fileID: 5063315448915375303}
    - targetCorrespondingSourceObject: {fileID: -3689674242972349007, guid: 10ec3fc22d1b944b5a6784f021bc384d, type: 3}
      insertIndex: -1
      addedObject: {fileID: 8862168589266918277}
    - targetCorrespondingSourceObject: {fileID: -3689674242972349007, guid: 10ec3fc22d1b944b5a6784f021bc384d, type: 3}
      insertIndex: -1
      addedObject: {fileID: 5647191443769501685}
    - targetCorrespondingSourceObject: {fileID: 6515653505043408992, guid: 10ec3fc22d1b944b5a6784f021bc384d, type: 3}
      insertIndex: -1
      addedObject: {fileID: 8563876503299165021}
    - targetCorrespondingSourceObject: {fileID: 6515653505043408992, guid: 10ec3fc22d1b944b5a6784f021bc384d, type: 3}
      insertIndex: -1
      addedObject: {fileID: 8126525245733889070}
    - targetCorrespondingSourceObject: {fileID: 2088270880408761061, guid: 10ec3fc22d1b944b5a6784f021bc384d, type: 3}
      insertIndex: -1
      addedObject: {fileID: 1607186904599741313}
    - targetCorrespondingSourceObject: {fileID: 2088270880408761061, guid: 10ec3fc22d1b944b5a6784f021bc384d, type: 3}
      insertIndex: -1
      addedObject: {fileID: 4398496700257000884}
    - targetCorrespondingSourceObject: {fileID: 6914053657243333240, guid: 10ec3fc22d1b944b5a6784f021bc384d, type: 3}
      insertIndex: -1
      addedObject: {fileID: 360406129204245560}
    - targetCorrespondingSourceObject: {fileID: 6914053657243333240, guid: 10ec3fc22d1b944b5a6784f021bc384d, type: 3}
      insertIndex: -1
      addedObject: {fileID: 4274984791114935027}
    - targetCorrespondingSourceObject: {fileID: -242685658152881788, guid: 10ec3fc22d1b944b5a6784f021bc384d, type: 3}
      insertIndex: -1
      addedObject: {fileID: 3500170293669580342}
    - targetCorrespondingSourceObject: {fileID: -242685658152881788, guid: 10ec3fc22d1b944b5a6784f021bc384d, type: 3}
      insertIndex: -1
      addedObject: {fileID: 8796967203567363538}
    - targetCorrespondingSourceObject: {fileID: 6759159116773285234, guid: 10ec3fc22d1b944b5a6784f021bc384d, type: 3}
      insertIndex: -1
      addedObject: {fileID: 3375067100191975955}
    - targetCorrespondingSourceObject: {fileID: 6759159116773285234, guid: 10ec3fc22d1b944b5a6784f021bc384d, type: 3}
      insertIndex: -1
      addedObject: {fileID: 5096294943461312586}
    - targetCorrespondingSourceObject: {fileID: 1003036174251356385, guid: 10ec3fc22d1b944b5a6784f021bc384d, type: 3}
      insertIndex: -1
      addedObject: {fileID: 5226180491007424209}
    - targetCorrespondingSourceObject: {fileID: 1003036174251356385, guid: 10ec3fc22d1b944b5a6784f021bc384d, type: 3}
      insertIndex: -1
      addedObject: {fileID: 587614685774261691}
    - targetCorrespondingSourceObject: {fileID: -6390323708564591007, guid: 10ec3fc22d1b944b5a6784f021bc384d, type: 3}
      insertIndex: -1
      addedObject: {fileID: 1747609879787234930}
    - targetCorrespondingSourceObject: {fileID: -6390323708564591007, guid: 10ec3fc22d1b944b5a6784f021bc384d, type: 3}
      insertIndex: -1
      addedObject: {fileID: 6415554660121903790}
    - targetCorrespondingSourceObject: {fileID: 386623079623488249, guid: 10ec3fc22d1b944b5a6784f021bc384d, type: 3}
      insertIndex: -1
      addedObject: {fileID: 2399310091400263445}
    - targetCorrespondingSourceObject: {fileID: 386623079623488249, guid: 10ec3fc22d1b944b5a6784f021bc384d, type: 3}
      insertIndex: -1
      addedObject: {fileID: 4985674199499035495}
    - targetCorrespondingSourceObject: {fileID: 1179285053596135923, guid: 10ec3fc22d1b944b5a6784f021bc384d, type: 3}
      insertIndex: -1
      addedObject: {fileID: 3553886598890959119}
    - targetCorrespondingSourceObject: {fileID: 1179285053596135923, guid: 10ec3fc22d1b944b5a6784f021bc384d, type: 3}
      insertIndex: -1
      addedObject: {fileID: 8078511018866230082}
    - targetCorrespondingSourceObject: {fileID: 7693281176197798827, guid: 10ec3fc22d1b944b5a6784f021bc384d, type: 3}
      insertIndex: -1
      addedObject: {fileID: 5529491576006228504}
    - targetCorrespondingSourceObject: {fileID: 7693281176197798827, guid: 10ec3fc22d1b944b5a6784f021bc384d, type: 3}
      insertIndex: -1
      addedObject: {fileID: 6619692859614642652}
    - targetCorrespondingSourceObject: {fileID: 4635402006900757889, guid: 10ec3fc22d1b944b5a6784f021bc384d, type: 3}
      insertIndex: -1
      addedObject: {fileID: 6225450856101494588}
    - targetCorrespondingSourceObject: {fileID: 4635402006900757889, guid: 10ec3fc22d1b944b5a6784f021bc384d, type: 3}
      insertIndex: -1
      addedObject: {fileID: 4957832925424150439}
    - targetCorrespondingSourceObject: {fileID: -8821465718712525128, guid: 10ec3fc22d1b944b5a6784f021bc384d, type: 3}
      insertIndex: -1
      addedObject: {fileID: 3476192375736395705}
    - targetCorrespondingSourceObject: {fileID: -8821465718712525128, guid: 10ec3fc22d1b944b5a6784f021bc384d, type: 3}
      insertIndex: -1
      addedObject: {fileID: 3948189536185123604}
    - targetCorrespondingSourceObject: {fileID: 6853161731586998454, guid: 10ec3fc22d1b944b5a6784f021bc384d, type: 3}
      insertIndex: -1
      addedObject: {fileID: 5254045091288834463}
    - targetCorrespondingSourceObject: {fileID: 6853161731586998454, guid: 10ec3fc22d1b944b5a6784f021bc384d, type: 3}
      insertIndex: -1
      addedObject: {fileID: 6306022500456427757}
    - targetCorrespondingSourceObject: {fileID: -631804335359757939, guid: 10ec3fc22d1b944b5a6784f021bc384d, type: 3}
      insertIndex: -1
      addedObject: {fileID: 647616321383052064}
    - targetCorrespondingSourceObject: {fileID: -631804335359757939, guid: 10ec3fc22d1b944b5a6784f021bc384d, type: 3}
      insertIndex: -1
      addedObject: {fileID: 5831637820009443667}
    - targetCorrespondingSourceObject: {fileID: 2252080385207754811, guid: 10ec3fc22d1b944b5a6784f021bc384d, type: 3}
      insertIndex: -1
      addedObject: {fileID: 835466622197413054}
    - targetCorrespondingSourceObject: {fileID: 2252080385207754811, guid: 10ec3fc22d1b944b5a6784f021bc384d, type: 3}
      insertIndex: -1
      addedObject: {fileID: 8079479266854818599}
    - targetCorrespondingSourceObject: {fileID: -5508614961486544260, guid: 10ec3fc22d1b944b5a6784f021bc384d, type: 3}
      insertIndex: -1
      addedObject: {fileID: 2803198541487595867}
    - targetCorrespondingSourceObject: {fileID: -5508614961486544260, guid: 10ec3fc22d1b944b5a6784f021bc384d, type: 3}
      insertIndex: -1
      addedObject: {fileID: 8491748839909842064}
    - targetCorrespondingSourceObject: {fileID: 6668711825938794182, guid: 10ec3fc22d1b944b5a6784f021bc384d, type: 3}
      insertIndex: -1
      addedObject: {fileID: 6625632852966630301}
    - targetCorrespondingSourceObject: {fileID: 6668711825938794182, guid: 10ec3fc22d1b944b5a6784f021bc384d, type: 3}
      insertIndex: -1
      addedObject: {fileID: 1583531723969083331}
    - targetCorrespondingSourceObject: {fileID: 4117235115632597980, guid: 10ec3fc22d1b944b5a6784f021bc384d, type: 3}
      insertIndex: -1
      addedObject: {fileID: 635101768468022150}
    - targetCorrespondingSourceObject: {fileID: 4117235115632597980, guid: 10ec3fc22d1b944b5a6784f021bc384d, type: 3}
      insertIndex: -1
      addedObject: {fileID: 3249099460191160441}
    - targetCorrespondingSourceObject: {fileID: -3987491397218443334, guid: 10ec3fc22d1b944b5a6784f021bc384d, type: 3}
      insertIndex: -1
      addedObject: {fileID: 5528662840719900977}
    - targetCorrespondingSourceObject: {fileID: -3987491397218443334, guid: 10ec3fc22d1b944b5a6784f021bc384d, type: 3}
      insertIndex: -1
      addedObject: {fileID: 7110526972610340006}
    - targetCorrespondingSourceObject: {fileID: 1669274107717087961, guid: 10ec3fc22d1b944b5a6784f021bc384d, type: 3}
      insertIndex: -1
      addedObject: {fileID: 6616341057992344258}
    - targetCorrespondingSourceObject: {fileID: 1669274107717087961, guid: 10ec3fc22d1b944b5a6784f021bc384d, type: 3}
      insertIndex: -1
      addedObject: {fileID: 3199602480916585894}
  m_SourcePrefab: {fileID: 100100000, guid: 10ec3fc22d1b944b5a6784f021bc384d, type: 3}
--- !u!1 &402256146641168108 stripped
GameObject:
  m_CorrespondingSourceObject: {fileID: 4635402006900757889, guid: 10ec3fc22d1b944b5a6784f021bc384d, type: 3}
  m_PrefabInstance: {fileID: 5026395713927410541}
  m_PrefabAsset: {fileID: 0}
--- !u!64 &6225450856101494588
MeshCollider:
  m_ObjectHideFlags: 0
  m_CorrespondingSourceObject: {fileID: 0}
  m_PrefabInstance: {fileID: 0}
  m_PrefabAsset: {fileID: 0}
  m_GameObject: {fileID: 402256146641168108}
  m_Material: {fileID: 0}
  m_IncludeLayers:
    serializedVersion: 2
    m_Bits: 0
  m_ExcludeLayers:
    serializedVersion: 2
    m_Bits: 0
  m_LayerOverridePriority: 0
  m_IsTrigger: 0
  m_ProvidesContacts: 0
  m_Enabled: 1
  serializedVersion: 5
  m_Convex: 1
  m_CookingOptions: 30
  m_Mesh: {fileID: 4008047391607791673, guid: 10ec3fc22d1b944b5a6784f021bc384d, type: 3}
--- !u!54 &4957832925424150439
Rigidbody:
  m_ObjectHideFlags: 0
  m_CorrespondingSourceObject: {fileID: 0}
  m_PrefabInstance: {fileID: 0}
  m_PrefabAsset: {fileID: 0}
  m_GameObject: {fileID: 402256146641168108}
  serializedVersion: 4
  m_Mass: 1
  m_Drag: 0
  m_AngularDrag: 0.05
  m_CenterOfMass: {x: 0, y: 0, z: 0}
  m_InertiaTensor: {x: 1, y: 1, z: 1}
  m_InertiaRotation: {x: 0, y: 0, z: 0, w: 1}
  m_IncludeLayers:
    serializedVersion: 2
    m_Bits: 0
  m_ExcludeLayers:
    serializedVersion: 2
    m_Bits: 0
  m_ImplicitCom: 1
  m_ImplicitTensor: 1
  m_UseGravity: 1
  m_IsKinematic: 1
  m_Interpolate: 0
  m_Constraints: 0
  m_CollisionDetection: 0
--- !u!1 &651610819289284316 stripped
GameObject:
  m_CorrespondingSourceObject: {fileID: -3689674242972349007, guid: 10ec3fc22d1b944b5a6784f021bc384d, type: 3}
  m_PrefabInstance: {fileID: 5026395713927410541}
  m_PrefabAsset: {fileID: 0}
--- !u!64 &8862168589266918277
MeshCollider:
  m_ObjectHideFlags: 0
  m_CorrespondingSourceObject: {fileID: 0}
  m_PrefabInstance: {fileID: 0}
  m_PrefabAsset: {fileID: 0}
  m_GameObject: {fileID: 651610819289284316}
  m_Material: {fileID: 0}
  m_IncludeLayers:
    serializedVersion: 2
    m_Bits: 0
  m_ExcludeLayers:
    serializedVersion: 2
    m_Bits: 0
  m_LayerOverridePriority: 0
  m_IsTrigger: 0
  m_ProvidesContacts: 0
  m_Enabled: 1
  serializedVersion: 5
  m_Convex: 1
  m_CookingOptions: 30
  m_Mesh: {fileID: -1893315899739111939, guid: 10ec3fc22d1b944b5a6784f021bc384d, type: 3}
--- !u!54 &5647191443769501685
Rigidbody:
  m_ObjectHideFlags: 0
  m_CorrespondingSourceObject: {fileID: 0}
  m_PrefabInstance: {fileID: 0}
  m_PrefabAsset: {fileID: 0}
  m_GameObject: {fileID: 651610819289284316}
  serializedVersion: 4
  m_Mass: 1
  m_Drag: 0
  m_AngularDrag: 0.05
  m_CenterOfMass: {x: 0, y: 0, z: 0}
  m_InertiaTensor: {x: 1, y: 1, z: 1}
  m_InertiaRotation: {x: 0, y: 0, z: 0, w: 1}
  m_IncludeLayers:
    serializedVersion: 2
    m_Bits: 0
  m_ExcludeLayers:
    serializedVersion: 2
    m_Bits: 0
  m_ImplicitCom: 1
  m_ImplicitTensor: 1
  m_UseGravity: 1
  m_IsKinematic: 0
  m_Interpolate: 0
  m_Constraints: 0
  m_CollisionDetection: 0
--- !u!1 &942617174075384226 stripped
GameObject:
  m_CorrespondingSourceObject: {fileID: 5248242872507060943, guid: 10ec3fc22d1b944b5a6784f021bc384d, type: 3}
  m_PrefabInstance: {fileID: 5026395713927410541}
  m_PrefabAsset: {fileID: 0}
--- !u!64 &828837310550751592
MeshCollider:
  m_ObjectHideFlags: 0
  m_CorrespondingSourceObject: {fileID: 0}
  m_PrefabInstance: {fileID: 0}
  m_PrefabAsset: {fileID: 0}
  m_GameObject: {fileID: 942617174075384226}
  m_Material: {fileID: 0}
  m_IncludeLayers:
    serializedVersion: 2
    m_Bits: 0
  m_ExcludeLayers:
    serializedVersion: 2
    m_Bits: 0
  m_LayerOverridePriority: 0
  m_IsTrigger: 0
  m_ProvidesContacts: 0
  m_Enabled: 1
  serializedVersion: 5
  m_Convex: 1
  m_CookingOptions: 30
  m_Mesh: {fileID: -2961282202011062668, guid: 10ec3fc22d1b944b5a6784f021bc384d, type: 3}
--- !u!54 &5063315448915375303
Rigidbody:
  m_ObjectHideFlags: 0
  m_CorrespondingSourceObject: {fileID: 0}
  m_PrefabInstance: {fileID: 0}
  m_PrefabAsset: {fileID: 0}
  m_GameObject: {fileID: 942617174075384226}
  serializedVersion: 4
  m_Mass: 1
  m_Drag: 0
  m_AngularDrag: 0.05
  m_CenterOfMass: {x: 0, y: 0, z: 0}
  m_InertiaTensor: {x: 1, y: 1, z: 1}
  m_InertiaRotation: {x: 0, y: 0, z: 0, w: 1}
  m_IncludeLayers:
    serializedVersion: 2
    m_Bits: 0
  m_ExcludeLayers:
    serializedVersion: 2
    m_Bits: 0
  m_ImplicitCom: 1
  m_ImplicitTensor: 1
  m_UseGravity: 1
  m_IsKinematic: 1
  m_Interpolate: 0
  m_Constraints: 0
  m_CollisionDetection: 0
--- !u!1 &966248577572416727 stripped
GameObject:
  m_CorrespondingSourceObject: {fileID: -3987491397218443334, guid: 10ec3fc22d1b944b5a6784f021bc384d, type: 3}
  m_PrefabInstance: {fileID: 5026395713927410541}
  m_PrefabAsset: {fileID: 0}
--- !u!64 &5528662840719900977
MeshCollider:
  m_ObjectHideFlags: 0
  m_CorrespondingSourceObject: {fileID: 0}
  m_PrefabInstance: {fileID: 0}
  m_PrefabAsset: {fileID: 0}
  m_GameObject: {fileID: 966248577572416727}
  m_Material: {fileID: 0}
  m_IncludeLayers:
    serializedVersion: 2
    m_Bits: 0
  m_ExcludeLayers:
    serializedVersion: 2
    m_Bits: 0
  m_LayerOverridePriority: 0
  m_IsTrigger: 0
  m_ProvidesContacts: 0
  m_Enabled: 1
  serializedVersion: 5
  m_Convex: 1
  m_CookingOptions: 30
  m_Mesh: {fileID: 5063325057114598051, guid: 10ec3fc22d1b944b5a6784f021bc384d, type: 3}
--- !u!54 &7110526972610340006
Rigidbody:
  m_ObjectHideFlags: 0
  m_CorrespondingSourceObject: {fileID: 0}
  m_PrefabInstance: {fileID: 0}
  m_PrefabAsset: {fileID: 0}
  m_GameObject: {fileID: 966248577572416727}
  serializedVersion: 4
  m_Mass: 1
  m_Drag: 0
  m_AngularDrag: 0.05
  m_CenterOfMass: {x: 0, y: 0, z: 0}
  m_InertiaTensor: {x: 1, y: 1, z: 1}
  m_InertiaRotation: {x: 0, y: 0, z: 0, w: 1}
  m_IncludeLayers:
    serializedVersion: 2
    m_Bits: 0
  m_ExcludeLayers:
    serializedVersion: 2
    m_Bits: 0
  m_ImplicitCom: 1
  m_ImplicitTensor: 1
  m_UseGravity: 1
  m_IsKinematic: 1
  m_Interpolate: 0
  m_Constraints: 0
  m_CollisionDetection: 0
--- !u!1 &1732763404997570079 stripped
GameObject:
  m_CorrespondingSourceObject: {fileID: 6759159116773285234, guid: 10ec3fc22d1b944b5a6784f021bc384d, type: 3}
  m_PrefabInstance: {fileID: 5026395713927410541}
  m_PrefabAsset: {fileID: 0}
--- !u!64 &3375067100191975955
MeshCollider:
  m_ObjectHideFlags: 0
  m_CorrespondingSourceObject: {fileID: 0}
  m_PrefabInstance: {fileID: 0}
  m_PrefabAsset: {fileID: 0}
  m_GameObject: {fileID: 1732763404997570079}
  m_Material: {fileID: 0}
  m_IncludeLayers:
    serializedVersion: 2
    m_Bits: 0
  m_ExcludeLayers:
    serializedVersion: 2
    m_Bits: 0
  m_LayerOverridePriority: 0
  m_IsTrigger: 0
  m_ProvidesContacts: 0
  m_Enabled: 1
  serializedVersion: 5
  m_Convex: 1
  m_CookingOptions: 30
  m_Mesh: {fileID: -6272325402924174123, guid: 10ec3fc22d1b944b5a6784f021bc384d, type: 3}
--- !u!54 &5096294943461312586
Rigidbody:
  m_ObjectHideFlags: 0
  m_CorrespondingSourceObject: {fileID: 0}
  m_PrefabInstance: {fileID: 0}
  m_PrefabAsset: {fileID: 0}
  m_GameObject: {fileID: 1732763404997570079}
  serializedVersion: 4
  m_Mass: 1
  m_Drag: 0
  m_AngularDrag: 0.05
  m_CenterOfMass: {x: 0, y: 0, z: 0}
  m_InertiaTensor: {x: 1, y: 1, z: 1}
  m_InertiaRotation: {x: 0, y: 0, z: 0, w: 1}
  m_IncludeLayers:
    serializedVersion: 2
    m_Bits: 0
  m_ExcludeLayers:
    serializedVersion: 2
    m_Bits: 0
  m_ImplicitCom: 1
  m_ImplicitTensor: 1
  m_UseGravity: 1
  m_IsKinematic: 0
  m_Interpolate: 0
  m_Constraints: 0
  m_CollisionDetection: 0
--- !u!1 &1823217154388342187 stripped
GameObject:
  m_CorrespondingSourceObject: {fileID: 6668711825938794182, guid: 10ec3fc22d1b944b5a6784f021bc384d, type: 3}
  m_PrefabInstance: {fileID: 5026395713927410541}
  m_PrefabAsset: {fileID: 0}
--- !u!64 &6625632852966630301
MeshCollider:
  m_ObjectHideFlags: 0
  m_CorrespondingSourceObject: {fileID: 0}
  m_PrefabInstance: {fileID: 0}
  m_PrefabAsset: {fileID: 0}
  m_GameObject: {fileID: 1823217154388342187}
  m_Material: {fileID: 0}
  m_IncludeLayers:
    serializedVersion: 2
    m_Bits: 0
  m_ExcludeLayers:
    serializedVersion: 2
    m_Bits: 0
  m_LayerOverridePriority: 0
  m_IsTrigger: 0
  m_ProvidesContacts: 0
  m_Enabled: 1
  serializedVersion: 5
  m_Convex: 1
  m_CookingOptions: 30
  m_Mesh: {fileID: -7723866977078106780, guid: 10ec3fc22d1b944b5a6784f021bc384d, type: 3}
--- !u!54 &1583531723969083331
Rigidbody:
  m_ObjectHideFlags: 0
  m_CorrespondingSourceObject: {fileID: 0}
  m_PrefabInstance: {fileID: 0}
  m_PrefabAsset: {fileID: 0}
  m_GameObject: {fileID: 1823217154388342187}
  serializedVersion: 4
  m_Mass: 1
  m_Drag: 0
  m_AngularDrag: 0.05
  m_CenterOfMass: {x: 0, y: 0, z: 0}
  m_InertiaTensor: {x: 1, y: 1, z: 1}
  m_InertiaRotation: {x: 0, y: 0, z: 0, w: 1}
  m_IncludeLayers:
    serializedVersion: 2
    m_Bits: 0
  m_ExcludeLayers:
    serializedVersion: 2
    m_Bits: 0
  m_ImplicitCom: 1
  m_ImplicitTensor: 1
  m_UseGravity: 1
  m_IsKinematic: 0
  m_Interpolate: 0
  m_Constraints: 0
  m_CollisionDetection: 0
--- !u!1 &1887852042014867733 stripped
GameObject:
  m_CorrespondingSourceObject: {fileID: 6914053657243333240, guid: 10ec3fc22d1b944b5a6784f021bc384d, type: 3}
  m_PrefabInstance: {fileID: 5026395713927410541}
  m_PrefabAsset: {fileID: 0}
--- !u!64 &360406129204245560
MeshCollider:
  m_ObjectHideFlags: 0
  m_CorrespondingSourceObject: {fileID: 0}
  m_PrefabInstance: {fileID: 0}
  m_PrefabAsset: {fileID: 0}
  m_GameObject: {fileID: 1887852042014867733}
  m_Material: {fileID: 0}
  m_IncludeLayers:
    serializedVersion: 2
    m_Bits: 0
  m_ExcludeLayers:
    serializedVersion: 2
    m_Bits: 0
  m_LayerOverridePriority: 0
  m_IsTrigger: 0
  m_ProvidesContacts: 0
  m_Enabled: 1
  serializedVersion: 5
  m_Convex: 1
  m_CookingOptions: 30
  m_Mesh: {fileID: 2908195281588235365, guid: 10ec3fc22d1b944b5a6784f021bc384d, type: 3}
--- !u!54 &4274984791114935027
Rigidbody:
  m_ObjectHideFlags: 0
  m_CorrespondingSourceObject: {fileID: 0}
  m_PrefabInstance: {fileID: 0}
  m_PrefabAsset: {fileID: 0}
  m_GameObject: {fileID: 1887852042014867733}
  serializedVersion: 4
  m_Mass: 1
  m_Drag: 0
  m_AngularDrag: 0.05
  m_CenterOfMass: {x: 0, y: 0, z: 0}
  m_InertiaTensor: {x: 1, y: 1, z: 1}
  m_InertiaRotation: {x: 0, y: 0, z: 0, w: 1}
  m_IncludeLayers:
    serializedVersion: 2
    m_Bits: 0
  m_ExcludeLayers:
    serializedVersion: 2
    m_Bits: 0
  m_ImplicitCom: 1
  m_ImplicitTensor: 1
  m_UseGravity: 1
  m_IsKinematic: 1
  m_Interpolate: 0
  m_Constraints: 0
  m_CollisionDetection: 0
--- !u!1 &1907327913447119256 stripped
GameObject:
  m_CorrespondingSourceObject: {fileID: -2325712400172209419, guid: 10ec3fc22d1b944b5a6784f021bc384d, type: 3}
  m_PrefabInstance: {fileID: 5026395713927410541}
  m_PrefabAsset: {fileID: 0}
--- !u!64 &453036161918720942
MeshCollider:
  m_ObjectHideFlags: 0
  m_CorrespondingSourceObject: {fileID: 0}
  m_PrefabInstance: {fileID: 0}
  m_PrefabAsset: {fileID: 0}
  m_GameObject: {fileID: 1907327913447119256}
  m_Material: {fileID: 0}
  m_IncludeLayers:
    serializedVersion: 2
    m_Bits: 0
  m_ExcludeLayers:
    serializedVersion: 2
    m_Bits: 0
  m_LayerOverridePriority: 0
  m_IsTrigger: 0
  m_ProvidesContacts: 0
  m_Enabled: 1
  serializedVersion: 5
  m_Convex: 1
  m_CookingOptions: 30
  m_Mesh: {fileID: -6607079616923274268, guid: 10ec3fc22d1b944b5a6784f021bc384d, type: 3}
--- !u!54 &8960402264105571769
Rigidbody:
  m_ObjectHideFlags: 0
  m_CorrespondingSourceObject: {fileID: 0}
  m_PrefabInstance: {fileID: 0}
  m_PrefabAsset: {fileID: 0}
  m_GameObject: {fileID: 1907327913447119256}
  serializedVersion: 4
  m_Mass: 1
  m_Drag: 0
  m_AngularDrag: 0.05
  m_CenterOfMass: {x: 0, y: 0, z: 0}
  m_InertiaTensor: {x: 1, y: 1, z: 1}
  m_InertiaRotation: {x: 0, y: 0, z: 0, w: 1}
  m_IncludeLayers:
    serializedVersion: 2
    m_Bits: 0
  m_ExcludeLayers:
    serializedVersion: 2
    m_Bits: 0
  m_ImplicitCom: 1
  m_ImplicitTensor: 1
  m_UseGravity: 1
  m_IsKinematic: 0
  m_Interpolate: 0
  m_Constraints: 0
  m_CollisionDetection: 0
--- !u!1 &1934870037952934875 stripped
GameObject:
  m_CorrespondingSourceObject: {fileID: 6853161731586998454, guid: 10ec3fc22d1b944b5a6784f021bc384d, type: 3}
  m_PrefabInstance: {fileID: 5026395713927410541}
  m_PrefabAsset: {fileID: 0}
--- !u!64 &5254045091288834463
MeshCollider:
  m_ObjectHideFlags: 0
  m_CorrespondingSourceObject: {fileID: 0}
  m_PrefabInstance: {fileID: 0}
  m_PrefabAsset: {fileID: 0}
  m_GameObject: {fileID: 1934870037952934875}
  m_Material: {fileID: 0}
  m_IncludeLayers:
    serializedVersion: 2
    m_Bits: 0
  m_ExcludeLayers:
    serializedVersion: 2
    m_Bits: 0
  m_LayerOverridePriority: 0
  m_IsTrigger: 0
  m_ProvidesContacts: 0
  m_Enabled: 1
  serializedVersion: 5
  m_Convex: 1
  m_CookingOptions: 30
  m_Mesh: {fileID: 1489697408555224286, guid: 10ec3fc22d1b944b5a6784f021bc384d, type: 3}
--- !u!54 &6306022500456427757
Rigidbody:
  m_ObjectHideFlags: 0
  m_CorrespondingSourceObject: {fileID: 0}
  m_PrefabInstance: {fileID: 0}
  m_PrefabAsset: {fileID: 0}
  m_GameObject: {fileID: 1934870037952934875}
  serializedVersion: 4
  m_Mass: 1
  m_Drag: 0
  m_AngularDrag: 0.05
  m_CenterOfMass: {x: 0, y: 0, z: 0}
  m_InertiaTensor: {x: 1, y: 1, z: 1}
  m_InertiaRotation: {x: 0, y: 0, z: 0, w: 1}
  m_IncludeLayers:
    serializedVersion: 2
    m_Bits: 0
  m_ExcludeLayers:
    serializedVersion: 2
    m_Bits: 0
  m_ImplicitCom: 1
  m_ImplicitTensor: 1
  m_UseGravity: 1
  m_IsKinematic: 1
  m_Interpolate: 0
  m_Constraints: 0
  m_CollisionDetection: 0
--- !u!1 &2282507052583770893 stripped
GameObject:
  m_CorrespondingSourceObject: {fileID: 6515653505043408992, guid: 10ec3fc22d1b944b5a6784f021bc384d, type: 3}
  m_PrefabInstance: {fileID: 5026395713927410541}
  m_PrefabAsset: {fileID: 0}
--- !u!64 &8563876503299165021
MeshCollider:
  m_ObjectHideFlags: 0
  m_CorrespondingSourceObject: {fileID: 0}
  m_PrefabInstance: {fileID: 0}
  m_PrefabAsset: {fileID: 0}
  m_GameObject: {fileID: 2282507052583770893}
  m_Material: {fileID: 0}
  m_IncludeLayers:
    serializedVersion: 2
    m_Bits: 0
  m_ExcludeLayers:
    serializedVersion: 2
    m_Bits: 0
  m_LayerOverridePriority: 0
  m_IsTrigger: 0
  m_ProvidesContacts: 0
  m_Enabled: 1
  serializedVersion: 5
  m_Convex: 1
  m_CookingOptions: 30
  m_Mesh: {fileID: 1461902244302106412, guid: 10ec3fc22d1b944b5a6784f021bc384d, type: 3}
--- !u!54 &8126525245733889070
Rigidbody:
  m_ObjectHideFlags: 0
  m_CorrespondingSourceObject: {fileID: 0}
  m_PrefabInstance: {fileID: 0}
  m_PrefabAsset: {fileID: 0}
  m_GameObject: {fileID: 2282507052583770893}
  serializedVersion: 4
  m_Mass: 1
  m_Drag: 0
  m_AngularDrag: 0.05
  m_CenterOfMass: {x: 0, y: 0, z: 0}
  m_InertiaTensor: {x: 1, y: 1, z: 1}
  m_InertiaRotation: {x: 0, y: 0, z: 0, w: 1}
  m_IncludeLayers:
    serializedVersion: 2
    m_Bits: 0
  m_ExcludeLayers:
    serializedVersion: 2
    m_Bits: 0
  m_ImplicitCom: 1
  m_ImplicitTensor: 1
  m_UseGravity: 1
  m_IsKinematic: 1
  m_Interpolate: 0
  m_Constraints: 0
  m_CollisionDetection: 0
--- !u!1 &3388217911914555590 stripped
GameObject:
  m_CorrespondingSourceObject: {fileID: 7693281176197798827, guid: 10ec3fc22d1b944b5a6784f021bc384d, type: 3}
  m_PrefabInstance: {fileID: 5026395713927410541}
  m_PrefabAsset: {fileID: 0}
--- !u!64 &5529491576006228504
MeshCollider:
  m_ObjectHideFlags: 0
  m_CorrespondingSourceObject: {fileID: 0}
  m_PrefabInstance: {fileID: 0}
  m_PrefabAsset: {fileID: 0}
  m_GameObject: {fileID: 3388217911914555590}
  m_Material: {fileID: 0}
  m_IncludeLayers:
    serializedVersion: 2
    m_Bits: 0
  m_ExcludeLayers:
    serializedVersion: 2
    m_Bits: 0
  m_LayerOverridePriority: 0
  m_IsTrigger: 0
  m_ProvidesContacts: 0
  m_Enabled: 1
  serializedVersion: 5
  m_Convex: 1
  m_CookingOptions: 30
  m_Mesh: {fileID: -5410654043159934482, guid: 10ec3fc22d1b944b5a6784f021bc384d, type: 3}
--- !u!54 &6619692859614642652
Rigidbody:
  m_ObjectHideFlags: 0
  m_CorrespondingSourceObject: {fileID: 0}
  m_PrefabInstance: {fileID: 0}
  m_PrefabAsset: {fileID: 0}
  m_GameObject: {fileID: 3388217911914555590}
  serializedVersion: 4
  m_Mass: 1
  m_Drag: 0
  m_AngularDrag: 0.05
  m_CenterOfMass: {x: 0, y: 0, z: 0}
  m_InertiaTensor: {x: 1, y: 1, z: 1}
  m_InertiaRotation: {x: 0, y: 0, z: 0, w: 1}
  m_IncludeLayers:
    serializedVersion: 2
    m_Bits: 0
  m_ExcludeLayers:
    serializedVersion: 2
    m_Bits: 0
  m_ImplicitCom: 1
  m_ImplicitTensor: 1
  m_UseGravity: 1
  m_IsKinematic: 1
  m_Interpolate: 0
  m_Constraints: 0
  m_CollisionDetection: 0
--- !u!1 &3673311155723698912 stripped
GameObject:
  m_CorrespondingSourceObject: {fileID: -631804335359757939, guid: 10ec3fc22d1b944b5a6784f021bc384d, type: 3}
  m_PrefabInstance: {fileID: 5026395713927410541}
  m_PrefabAsset: {fileID: 0}
--- !u!64 &647616321383052064
MeshCollider:
  m_ObjectHideFlags: 0
  m_CorrespondingSourceObject: {fileID: 0}
  m_PrefabInstance: {fileID: 0}
  m_PrefabAsset: {fileID: 0}
  m_GameObject: {fileID: 3673311155723698912}
  m_Material: {fileID: 0}
  m_IncludeLayers:
    serializedVersion: 2
    m_Bits: 0
  m_ExcludeLayers:
    serializedVersion: 2
    m_Bits: 0
  m_LayerOverridePriority: 0
  m_IsTrigger: 0
  m_ProvidesContacts: 0
  m_Enabled: 1
  serializedVersion: 5
  m_Convex: 1
  m_CookingOptions: 30
  m_Mesh: {fileID: 7577651748679185038, guid: 10ec3fc22d1b944b5a6784f021bc384d, type: 3}
--- !u!54 &5831637820009443667
Rigidbody:
  m_ObjectHideFlags: 0
  m_CorrespondingSourceObject: {fileID: 0}
  m_PrefabInstance: {fileID: 0}
  m_PrefabAsset: {fileID: 0}
  m_GameObject: {fileID: 3673311155723698912}
  serializedVersion: 4
  m_Mass: 1
  m_Drag: 0
  m_AngularDrag: 0.05
  m_CenterOfMass: {x: 0, y: 0, z: 0}
  m_InertiaTensor: {x: 1, y: 1, z: 1}
  m_InertiaRotation: {x: 0, y: 0, z: 0, w: 1}
  m_IncludeLayers:
    serializedVersion: 2
    m_Bits: 0
  m_ExcludeLayers:
    serializedVersion: 2
    m_Bits: 0
  m_ImplicitCom: 1
  m_ImplicitTensor: 1
  m_UseGravity: 1
  m_IsKinematic: 1
  m_Interpolate: 0
  m_Constraints: 0
  m_CollisionDetection: 0
--- !u!1 &3837576967899508215 stripped
GameObject:
  m_CorrespondingSourceObject: {fileID: -1116725930435371366, guid: 10ec3fc22d1b944b5a6784f021bc384d, type: 3}
  m_PrefabInstance: {fileID: 5026395713927410541}
  m_PrefabAsset: {fileID: 0}
--- !u!64 &392641044865769308
MeshCollider:
  m_ObjectHideFlags: 0
  m_CorrespondingSourceObject: {fileID: 0}
  m_PrefabInstance: {fileID: 0}
  m_PrefabAsset: {fileID: 0}
  m_GameObject: {fileID: 3837576967899508215}
  m_Material: {fileID: 0}
  m_IncludeLayers:
    serializedVersion: 2
    m_Bits: 0
  m_ExcludeLayers:
    serializedVersion: 2
    m_Bits: 0
  m_LayerOverridePriority: 0
  m_IsTrigger: 0
  m_ProvidesContacts: 0
  m_Enabled: 1
  serializedVersion: 5
  m_Convex: 1
  m_CookingOptions: 30
  m_Mesh: {fileID: 385689396216129294, guid: 10ec3fc22d1b944b5a6784f021bc384d, type: 3}
--- !u!54 &5504588139588339594
Rigidbody:
  m_ObjectHideFlags: 0
  m_CorrespondingSourceObject: {fileID: 0}
  m_PrefabInstance: {fileID: 0}
  m_PrefabAsset: {fileID: 0}
  m_GameObject: {fileID: 3837576967899508215}
  serializedVersion: 4
  m_Mass: 1
  m_Drag: 0
  m_AngularDrag: 0.05
  m_CenterOfMass: {x: 0, y: 0, z: 0}
  m_InertiaTensor: {x: 1, y: 1, z: 1}
  m_InertiaRotation: {x: 0, y: 0, z: 0, w: 1}
  m_IncludeLayers:
    serializedVersion: 2
    m_Bits: 0
  m_ExcludeLayers:
    serializedVersion: 2
    m_Bits: 0
  m_ImplicitCom: 1
  m_ImplicitTensor: 1
  m_UseGravity: 1
  m_IsKinematic: 1
  m_Interpolate: 0
  m_Constraints: 0
  m_CollisionDetection: 0
--- !u!1 &4134470395405746921 stripped
GameObject:
  m_CorrespondingSourceObject: {fileID: -242685658152881788, guid: 10ec3fc22d1b944b5a6784f021bc384d, type: 3}
  m_PrefabInstance: {fileID: 5026395713927410541}
  m_PrefabAsset: {fileID: 0}
--- !u!64 &3500170293669580342
MeshCollider:
  m_ObjectHideFlags: 0
  m_CorrespondingSourceObject: {fileID: 0}
  m_PrefabInstance: {fileID: 0}
  m_PrefabAsset: {fileID: 0}
  m_GameObject: {fileID: 4134470395405746921}
  m_Material: {fileID: 0}
  m_IncludeLayers:
    serializedVersion: 2
    m_Bits: 0
  m_ExcludeLayers:
    serializedVersion: 2
    m_Bits: 0
  m_LayerOverridePriority: 0
  m_IsTrigger: 0
  m_ProvidesContacts: 0
  m_Enabled: 1
  serializedVersion: 5
  m_Convex: 1
  m_CookingOptions: 30
  m_Mesh: {fileID: -1862877142214267434, guid: 10ec3fc22d1b944b5a6784f021bc384d, type: 3}
--- !u!54 &8796967203567363538
Rigidbody:
  m_ObjectHideFlags: 0
  m_CorrespondingSourceObject: {fileID: 0}
  m_PrefabInstance: {fileID: 0}
  m_PrefabAsset: {fileID: 0}
  m_GameObject: {fileID: 4134470395405746921}
  serializedVersion: 4
  m_Mass: 1
  m_Drag: 0
  m_AngularDrag: 0.05
  m_CenterOfMass: {x: 0, y: 0, z: 0}
  m_InertiaTensor: {x: 1, y: 1, z: 1}
  m_InertiaRotation: {x: 0, y: 0, z: 0, w: 1}
  m_IncludeLayers:
    serializedVersion: 2
    m_Bits: 0
  m_ExcludeLayers:
    serializedVersion: 2
    m_Bits: 0
  m_ImplicitCom: 1
  m_ImplicitTensor: 1
  m_UseGravity: 1
  m_IsKinematic: 0
  m_Interpolate: 0
  m_Constraints: 0
  m_CollisionDetection: 0
--- !u!1 &4634912032945794517 stripped
GameObject:
  m_CorrespondingSourceObject: {fileID: -8821465718712525128, guid: 10ec3fc22d1b944b5a6784f021bc384d, type: 3}
  m_PrefabInstance: {fileID: 5026395713927410541}
  m_PrefabAsset: {fileID: 0}
--- !u!64 &3476192375736395705
MeshCollider:
  m_ObjectHideFlags: 0
  m_CorrespondingSourceObject: {fileID: 0}
  m_PrefabInstance: {fileID: 0}
  m_PrefabAsset: {fileID: 0}
  m_GameObject: {fileID: 4634912032945794517}
  m_Material: {fileID: 0}
  m_IncludeLayers:
    serializedVersion: 2
    m_Bits: 0
  m_ExcludeLayers:
    serializedVersion: 2
    m_Bits: 0
  m_LayerOverridePriority: 0
  m_IsTrigger: 0
  m_ProvidesContacts: 0
  m_Enabled: 1
  serializedVersion: 5
  m_Convex: 1
  m_CookingOptions: 30
  m_Mesh: {fileID: -4939480227725312234, guid: 10ec3fc22d1b944b5a6784f021bc384d, type: 3}
--- !u!54 &3948189536185123604
Rigidbody:
  m_ObjectHideFlags: 0
  m_CorrespondingSourceObject: {fileID: 0}
  m_PrefabInstance: {fileID: 0}
  m_PrefabAsset: {fileID: 0}
  m_GameObject: {fileID: 4634912032945794517}
  serializedVersion: 4
  m_Mass: 1
  m_Drag: 0
  m_AngularDrag: 0.05
  m_CenterOfMass: {x: 0, y: 0, z: 0}
  m_InertiaTensor: {x: 1, y: 1, z: 1}
  m_InertiaRotation: {x: 0, y: 0, z: 0, w: 1}
  m_IncludeLayers:
    serializedVersion: 2
    m_Bits: 0
  m_ExcludeLayers:
    serializedVersion: 2
    m_Bits: 0
  m_ImplicitCom: 1
  m_ImplicitTensor: 1
  m_UseGravity: 1
  m_IsKinematic: 1
  m_Interpolate: 0
  m_Constraints: 0
  m_CollisionDetection: 0
--- !u!1 &4655833476964843924 stripped
GameObject:
  m_CorrespondingSourceObject: {fileID: 386623079623488249, guid: 10ec3fc22d1b944b5a6784f021bc384d, type: 3}
  m_PrefabInstance: {fileID: 5026395713927410541}
  m_PrefabAsset: {fileID: 0}
--- !u!64 &2399310091400263445
MeshCollider:
  m_ObjectHideFlags: 0
  m_CorrespondingSourceObject: {fileID: 0}
  m_PrefabInstance: {fileID: 0}
  m_PrefabAsset: {fileID: 0}
  m_GameObject: {fileID: 4655833476964843924}
  m_Material: {fileID: 0}
  m_IncludeLayers:
    serializedVersion: 2
    m_Bits: 0
  m_ExcludeLayers:
    serializedVersion: 2
    m_Bits: 0
  m_LayerOverridePriority: 0
  m_IsTrigger: 0
  m_ProvidesContacts: 0
  m_Enabled: 1
  serializedVersion: 5
  m_Convex: 1
  m_CookingOptions: 30
  m_Mesh: {fileID: -566826013552902418, guid: 10ec3fc22d1b944b5a6784f021bc384d, type: 3}
--- !u!54 &4985674199499035495
Rigidbody:
  m_ObjectHideFlags: 0
  m_CorrespondingSourceObject: {fileID: 0}
  m_PrefabInstance: {fileID: 0}
  m_PrefabAsset: {fileID: 0}
  m_GameObject: {fileID: 4655833476964843924}
  serializedVersion: 4
  m_Mass: 1
  m_Drag: 0
  m_AngularDrag: 0.05
  m_CenterOfMass: {x: 0, y: 0, z: 0}
  m_InertiaTensor: {x: 1, y: 1, z: 1}
  m_InertiaRotation: {x: 0, y: 0, z: 0, w: 1}
  m_IncludeLayers:
    serializedVersion: 2
    m_Bits: 0
  m_ExcludeLayers:
    serializedVersion: 2
    m_Bits: 0
  m_ImplicitCom: 1
  m_ImplicitTensor: 1
  m_UseGravity: 1
  m_IsKinematic: 1
  m_Interpolate: 0
  m_Constraints: 0
  m_CollisionDetection: 0
--- !u!1 &4877706858168545524 stripped
GameObject:
  m_CorrespondingSourceObject: {fileID: 463942015171625881, guid: 10ec3fc22d1b944b5a6784f021bc384d, type: 3}
  m_PrefabInstance: {fileID: 5026395713927410541}
  m_PrefabAsset: {fileID: 0}
--- !u!64 &2670907738139427212
MeshCollider:
  m_ObjectHideFlags: 0
  m_CorrespondingSourceObject: {fileID: 0}
  m_PrefabInstance: {fileID: 0}
  m_PrefabAsset: {fileID: 0}
  m_GameObject: {fileID: 4877706858168545524}
  m_Material: {fileID: 0}
  m_IncludeLayers:
    serializedVersion: 2
    m_Bits: 0
  m_ExcludeLayers:
    serializedVersion: 2
    m_Bits: 0
  m_LayerOverridePriority: 0
  m_IsTrigger: 0
  m_ProvidesContacts: 0
  m_Enabled: 1
  serializedVersion: 5
  m_Convex: 1
  m_CookingOptions: 30
  m_Mesh: {fileID: -8559477796349199344, guid: 10ec3fc22d1b944b5a6784f021bc384d, type: 3}
--- !u!54 &5722963830678198132
Rigidbody:
  m_ObjectHideFlags: 0
  m_CorrespondingSourceObject: {fileID: 0}
  m_PrefabInstance: {fileID: 0}
  m_PrefabAsset: {fileID: 0}
  m_GameObject: {fileID: 4877706858168545524}
  serializedVersion: 4
  m_Mass: 1
  m_Drag: 0
  m_AngularDrag: 0.05
  m_CenterOfMass: {x: 0, y: 0, z: 0}
  m_InertiaTensor: {x: 1, y: 1, z: 1}
  m_InertiaRotation: {x: 0, y: 0, z: 0, w: 1}
  m_IncludeLayers:
    serializedVersion: 2
    m_Bits: 0
  m_ExcludeLayers:
    serializedVersion: 2
    m_Bits: 0
  m_ImplicitCom: 1
  m_ImplicitTensor: 1
  m_UseGravity: 1
  m_IsKinematic: 1
  m_Interpolate: 0
  m_Constraints: 0
  m_CollisionDetection: 0
--- !u!1 &5200206572259509132 stripped
GameObject:
  m_CorrespondingSourceObject: {fileID: 1003036174251356385, guid: 10ec3fc22d1b944b5a6784f021bc384d, type: 3}
  m_PrefabInstance: {fileID: 5026395713927410541}
  m_PrefabAsset: {fileID: 0}
--- !u!64 &5226180491007424209
MeshCollider:
  m_ObjectHideFlags: 0
  m_CorrespondingSourceObject: {fileID: 0}
  m_PrefabInstance: {fileID: 0}
  m_PrefabAsset: {fileID: 0}
  m_GameObject: {fileID: 5200206572259509132}
  m_Material: {fileID: 0}
  m_IncludeLayers:
    serializedVersion: 2
    m_Bits: 0
  m_ExcludeLayers:
    serializedVersion: 2
    m_Bits: 0
  m_LayerOverridePriority: 0
  m_IsTrigger: 0
  m_ProvidesContacts: 0
  m_Enabled: 1
  serializedVersion: 5
  m_Convex: 1
  m_CookingOptions: 30
  m_Mesh: {fileID: -5303534360228036682, guid: 10ec3fc22d1b944b5a6784f021bc384d, type: 3}
--- !u!54 &587614685774261691
Rigidbody:
  m_ObjectHideFlags: 0
  m_CorrespondingSourceObject: {fileID: 0}
  m_PrefabInstance: {fileID: 0}
  m_PrefabAsset: {fileID: 0}
  m_GameObject: {fileID: 5200206572259509132}
  serializedVersion: 4
  m_Mass: 1
  m_Drag: 0
  m_AngularDrag: 0.05
  m_CenterOfMass: {x: 0, y: 0, z: 0}
  m_InertiaTensor: {x: 1, y: 1, z: 1}
  m_InertiaRotation: {x: 0, y: 0, z: 0, w: 1}
  m_IncludeLayers:
    serializedVersion: 2
    m_Bits: 0
  m_ExcludeLayers:
    serializedVersion: 2
    m_Bits: 0
  m_ImplicitCom: 1
  m_ImplicitTensor: 1
  m_UseGravity: 1
  m_IsKinematic: 1
  m_Interpolate: 0
  m_Constraints: 0
  m_CollisionDetection: 0
--- !u!1 &5974917372967616948 stripped
GameObject:
  m_CorrespondingSourceObject: {fileID: 1669274107717087961, guid: 10ec3fc22d1b944b5a6784f021bc384d, type: 3}
  m_PrefabInstance: {fileID: 5026395713927410541}
  m_PrefabAsset: {fileID: 0}
--- !u!64 &6616341057992344258
MeshCollider:
  m_ObjectHideFlags: 0
  m_CorrespondingSourceObject: {fileID: 0}
  m_PrefabInstance: {fileID: 0}
  m_PrefabAsset: {fileID: 0}
  m_GameObject: {fileID: 5974917372967616948}
  m_Material: {fileID: 0}
  m_IncludeLayers:
    serializedVersion: 2
    m_Bits: 0
  m_ExcludeLayers:
    serializedVersion: 2
    m_Bits: 0
  m_LayerOverridePriority: 0
  m_IsTrigger: 0
  m_ProvidesContacts: 0
  m_Enabled: 1
  serializedVersion: 5
  m_Convex: 1
  m_CookingOptions: 30
  m_Mesh: {fileID: -298406317363201226, guid: 10ec3fc22d1b944b5a6784f021bc384d, type: 3}
--- !u!54 &3199602480916585894
Rigidbody:
  m_ObjectHideFlags: 0
  m_CorrespondingSourceObject: {fileID: 0}
  m_PrefabInstance: {fileID: 0}
  m_PrefabAsset: {fileID: 0}
  m_GameObject: {fileID: 5974917372967616948}
  serializedVersion: 4
  m_Mass: 1
  m_Drag: 0
  m_AngularDrag: 0.05
  m_CenterOfMass: {x: 0, y: 0, z: 0}
  m_InertiaTensor: {x: 1, y: 1, z: 1}
  m_InertiaRotation: {x: 0, y: 0, z: 0, w: 1}
  m_IncludeLayers:
    serializedVersion: 2
    m_Bits: 0
  m_ExcludeLayers:
    serializedVersion: 2
    m_Bits: 0
  m_ImplicitCom: 1
  m_ImplicitTensor: 1
  m_UseGravity: 1
  m_IsKinematic: 1
  m_Interpolate: 0
  m_Constraints: 0
  m_CollisionDetection: 0
--- !u!1 &6169071427693970078 stripped
GameObject:
  m_CorrespondingSourceObject: {fileID: 1179285053596135923, guid: 10ec3fc22d1b944b5a6784f021bc384d, type: 3}
  m_PrefabInstance: {fileID: 5026395713927410541}
  m_PrefabAsset: {fileID: 0}
--- !u!64 &3553886598890959119
MeshCollider:
  m_ObjectHideFlags: 0
  m_CorrespondingSourceObject: {fileID: 0}
  m_PrefabInstance: {fileID: 0}
  m_PrefabAsset: {fileID: 0}
  m_GameObject: {fileID: 6169071427693970078}
  m_Material: {fileID: 0}
  m_IncludeLayers:
    serializedVersion: 2
    m_Bits: 0
  m_ExcludeLayers:
    serializedVersion: 2
    m_Bits: 0
  m_LayerOverridePriority: 0
  m_IsTrigger: 0
  m_ProvidesContacts: 0
  m_Enabled: 1
  serializedVersion: 5
  m_Convex: 1
  m_CookingOptions: 30
  m_Mesh: {fileID: 8521259492742254101, guid: 10ec3fc22d1b944b5a6784f021bc384d, type: 3}
--- !u!54 &8078511018866230082
Rigidbody:
  m_ObjectHideFlags: 0
  m_CorrespondingSourceObject: {fileID: 0}
  m_PrefabInstance: {fileID: 0}
  m_PrefabAsset: {fileID: 0}
  m_GameObject: {fileID: 6169071427693970078}
  serializedVersion: 4
  m_Mass: 1
  m_Drag: 0
  m_AngularDrag: 0.05
  m_CenterOfMass: {x: 0, y: 0, z: 0}
  m_InertiaTensor: {x: 1, y: 1, z: 1}
  m_InertiaRotation: {x: 0, y: 0, z: 0, w: 1}
  m_IncludeLayers:
    serializedVersion: 2
    m_Bits: 0
  m_ExcludeLayers:
    serializedVersion: 2
    m_Bits: 0
  m_ImplicitCom: 1
  m_ImplicitTensor: 1
  m_UseGravity: 1
  m_IsKinematic: 1
  m_Interpolate: 0
  m_Constraints: 0
  m_CollisionDetection: 0
--- !u!1 &6429555907612246408 stripped
GameObject:
  m_CorrespondingSourceObject: {fileID: 2088270880408761061, guid: 10ec3fc22d1b944b5a6784f021bc384d, type: 3}
  m_PrefabInstance: {fileID: 5026395713927410541}
  m_PrefabAsset: {fileID: 0}
--- !u!64 &1607186904599741313
MeshCollider:
  m_ObjectHideFlags: 0
  m_CorrespondingSourceObject: {fileID: 0}
  m_PrefabInstance: {fileID: 0}
  m_PrefabAsset: {fileID: 0}
  m_GameObject: {fileID: 6429555907612246408}
  m_Material: {fileID: 0}
  m_IncludeLayers:
    serializedVersion: 2
    m_Bits: 0
  m_ExcludeLayers:
    serializedVersion: 2
    m_Bits: 0
  m_LayerOverridePriority: 0
  m_IsTrigger: 0
  m_ProvidesContacts: 0
  m_Enabled: 1
  serializedVersion: 5
  m_Convex: 1
  m_CookingOptions: 30
  m_Mesh: {fileID: -2872492378779631369, guid: 10ec3fc22d1b944b5a6784f021bc384d, type: 3}
--- !u!54 &4398496700257000884
Rigidbody:
  m_ObjectHideFlags: 0
  m_CorrespondingSourceObject: {fileID: 0}
  m_PrefabInstance: {fileID: 0}
  m_PrefabAsset: {fileID: 0}
  m_GameObject: {fileID: 6429555907612246408}
  serializedVersion: 4
  m_Mass: 1
  m_Drag: 0
  m_AngularDrag: 0.05
  m_CenterOfMass: {x: 0, y: 0, z: 0}
  m_InertiaTensor: {x: 1, y: 1, z: 1}
  m_InertiaRotation: {x: 0, y: 0, z: 0, w: 1}
  m_IncludeLayers:
    serializedVersion: 2
    m_Bits: 0
  m_ExcludeLayers:
    serializedVersion: 2
    m_Bits: 0
  m_ImplicitCom: 1
  m_ImplicitTensor: 1
  m_UseGravity: 1
  m_IsKinematic: 1
  m_Interpolate: 0
  m_Constraints: 0
  m_CollisionDetection: 0
--- !u!1 &6459613306610814767 stripped
GameObject:
  m_CorrespondingSourceObject: {fileID: 2045883648554368066, guid: 10ec3fc22d1b944b5a6784f021bc384d, type: 3}
  m_PrefabInstance: {fileID: 5026395713927410541}
  m_PrefabAsset: {fileID: 0}
--- !u!64 &7052666506215148814
MeshCollider:
  m_ObjectHideFlags: 0
  m_CorrespondingSourceObject: {fileID: 0}
  m_PrefabInstance: {fileID: 0}
  m_PrefabAsset: {fileID: 0}
  m_GameObject: {fileID: 6459613306610814767}
  m_Material: {fileID: 0}
  m_IncludeLayers:
    serializedVersion: 2
    m_Bits: 0
  m_ExcludeLayers:
    serializedVersion: 2
    m_Bits: 0
  m_LayerOverridePriority: 0
  m_IsTrigger: 0
  m_ProvidesContacts: 0
  m_Enabled: 1
  serializedVersion: 5
  m_Convex: 1
  m_CookingOptions: 30
  m_Mesh: {fileID: -7957767080153078241, guid: 10ec3fc22d1b944b5a6784f021bc384d, type: 3}
--- !u!54 &774398943373678676
Rigidbody:
  m_ObjectHideFlags: 0
  m_CorrespondingSourceObject: {fileID: 0}
  m_PrefabInstance: {fileID: 0}
  m_PrefabAsset: {fileID: 0}
  m_GameObject: {fileID: 6459613306610814767}
  serializedVersion: 4
  m_Mass: 1
  m_Drag: 0
  m_AngularDrag: 0.05
  m_CenterOfMass: {x: 0, y: 0, z: 0}
  m_InertiaTensor: {x: 1, y: 1, z: 1}
  m_InertiaRotation: {x: 0, y: 0, z: 0, w: 1}
  m_IncludeLayers:
    serializedVersion: 2
    m_Bits: 0
  m_ExcludeLayers:
    serializedVersion: 2
    m_Bits: 0
  m_ImplicitCom: 1
  m_ImplicitTensor: 1
  m_UseGravity: 1
  m_IsKinematic: 0
  m_Interpolate: 0
  m_Constraints: 0
  m_CollisionDetection: 0
--- !u!1 &6459693379386000140 stripped
GameObject:
  m_CorrespondingSourceObject: {fileID: -7177567229854175135, guid: 10ec3fc22d1b944b5a6784f021bc384d, type: 3}
  m_PrefabInstance: {fileID: 5026395713927410541}
  m_PrefabAsset: {fileID: 0}
--- !u!64 &975590460375607822
MeshCollider:
  m_ObjectHideFlags: 0
  m_CorrespondingSourceObject: {fileID: 0}
  m_PrefabInstance: {fileID: 0}
  m_PrefabAsset: {fileID: 0}
  m_GameObject: {fileID: 6459693379386000140}
  m_Material: {fileID: 0}
  m_IncludeLayers:
    serializedVersion: 2
    m_Bits: 0
  m_ExcludeLayers:
    serializedVersion: 2
    m_Bits: 0
  m_LayerOverridePriority: 0
  m_IsTrigger: 0
  m_ProvidesContacts: 0
  m_Enabled: 1
  serializedVersion: 5
  m_Convex: 1
  m_CookingOptions: 30
  m_Mesh: {fileID: 9014630105155177928, guid: 10ec3fc22d1b944b5a6784f021bc384d, type: 3}
--- !u!54 &5132450217707660209
Rigidbody:
  m_ObjectHideFlags: 0
  m_CorrespondingSourceObject: {fileID: 0}
  m_PrefabInstance: {fileID: 0}
  m_PrefabAsset: {fileID: 0}
  m_GameObject: {fileID: 6459693379386000140}
  serializedVersion: 4
  m_Mass: 1
  m_Drag: 0
  m_AngularDrag: 0.05
  m_CenterOfMass: {x: 0, y: 0, z: 0}
  m_InertiaTensor: {x: 1, y: 1, z: 1}
  m_InertiaRotation: {x: 0, y: 0, z: 0, w: 1}
  m_IncludeLayers:
    serializedVersion: 2
    m_Bits: 0
  m_ExcludeLayers:
    serializedVersion: 2
    m_Bits: 0
  m_ImplicitCom: 1
  m_ImplicitTensor: 1
  m_UseGravity: 1
  m_IsKinematic: 0
  m_Interpolate: 0
  m_Constraints: 0
  m_CollisionDetection: 0
--- !u!1 &6521677804568744790 stripped
GameObject:
  m_CorrespondingSourceObject: {fileID: 2252080385207754811, guid: 10ec3fc22d1b944b5a6784f021bc384d, type: 3}
  m_PrefabInstance: {fileID: 5026395713927410541}
  m_PrefabAsset: {fileID: 0}
--- !u!64 &835466622197413054
MeshCollider:
  m_ObjectHideFlags: 0
  m_CorrespondingSourceObject: {fileID: 0}
  m_PrefabInstance: {fileID: 0}
  m_PrefabAsset: {fileID: 0}
  m_GameObject: {fileID: 6521677804568744790}
  m_Material: {fileID: 0}
  m_IncludeLayers:
    serializedVersion: 2
    m_Bits: 0
  m_ExcludeLayers:
    serializedVersion: 2
    m_Bits: 0
  m_LayerOverridePriority: 0
  m_IsTrigger: 0
  m_ProvidesContacts: 0
  m_Enabled: 1
  serializedVersion: 5
  m_Convex: 1
  m_CookingOptions: 30
  m_Mesh: {fileID: -4854889255673258131, guid: 10ec3fc22d1b944b5a6784f021bc384d, type: 3}
--- !u!54 &8079479266854818599
Rigidbody:
  m_ObjectHideFlags: 0
  m_CorrespondingSourceObject: {fileID: 0}
  m_PrefabInstance: {fileID: 0}
  m_PrefabAsset: {fileID: 0}
  m_GameObject: {fileID: 6521677804568744790}
  serializedVersion: 4
  m_Mass: 1
  m_Drag: 0
  m_AngularDrag: 0.05
  m_CenterOfMass: {x: 0, y: 0, z: 0}
  m_InertiaTensor: {x: 1, y: 1, z: 1}
  m_InertiaRotation: {x: 0, y: 0, z: 0, w: 1}
  m_IncludeLayers:
    serializedVersion: 2
    m_Bits: 0
  m_ExcludeLayers:
    serializedVersion: 2
    m_Bits: 0
  m_ImplicitCom: 1
  m_ImplicitTensor: 1
  m_UseGravity: 1
  m_IsKinematic: 1
  m_Interpolate: 0
  m_Constraints: 0
  m_CollisionDetection: 0
--- !u!1 &7102275794204908812 stripped
GameObject:
  m_CorrespondingSourceObject: {fileID: -6390323708564591007, guid: 10ec3fc22d1b944b5a6784f021bc384d, type: 3}
  m_PrefabInstance: {fileID: 5026395713927410541}
  m_PrefabAsset: {fileID: 0}
--- !u!64 &1747609879787234930
MeshCollider:
  m_ObjectHideFlags: 0
  m_CorrespondingSourceObject: {fileID: 0}
  m_PrefabInstance: {fileID: 0}
  m_PrefabAsset: {fileID: 0}
  m_GameObject: {fileID: 7102275794204908812}
  m_Material: {fileID: 0}
  m_IncludeLayers:
    serializedVersion: 2
    m_Bits: 0
  m_ExcludeLayers:
    serializedVersion: 2
    m_Bits: 0
  m_LayerOverridePriority: 0
  m_IsTrigger: 0
  m_ProvidesContacts: 0
  m_Enabled: 1
  serializedVersion: 5
  m_Convex: 1
  m_CookingOptions: 30
  m_Mesh: {fileID: 5486021832678927555, guid: 10ec3fc22d1b944b5a6784f021bc384d, type: 3}
--- !u!54 &6415554660121903790
Rigidbody:
  m_ObjectHideFlags: 0
  m_CorrespondingSourceObject: {fileID: 0}
  m_PrefabInstance: {fileID: 0}
  m_PrefabAsset: {fileID: 0}
  m_GameObject: {fileID: 7102275794204908812}
  serializedVersion: 4
  m_Mass: 1
  m_Drag: 0
  m_AngularDrag: 0.05
  m_CenterOfMass: {x: 0, y: 0, z: 0}
  m_InertiaTensor: {x: 1, y: 1, z: 1}
  m_InertiaRotation: {x: 0, y: 0, z: 0, w: 1}
  m_IncludeLayers:
    serializedVersion: 2
    m_Bits: 0
  m_ExcludeLayers:
    serializedVersion: 2
    m_Bits: 0
  m_ImplicitCom: 1
  m_ImplicitTensor: 1
  m_UseGravity: 1
  m_IsKinematic: 1
  m_Interpolate: 0
  m_Constraints: 0
  m_CollisionDetection: 0
--- !u!1 &7416772048235021735 stripped
GameObject:
  m_CorrespondingSourceObject: {fileID: -6688704558112688438, guid: 10ec3fc22d1b944b5a6784f021bc384d, type: 3}
  m_PrefabInstance: {fileID: 5026395713927410541}
  m_PrefabAsset: {fileID: 0}
--- !u!64 &5115663603597627058
MeshCollider:
  m_ObjectHideFlags: 0
  m_CorrespondingSourceObject: {fileID: 0}
  m_PrefabInstance: {fileID: 0}
  m_PrefabAsset: {fileID: 0}
  m_GameObject: {fileID: 7416772048235021735}
  m_Material: {fileID: 0}
  m_IncludeLayers:
    serializedVersion: 2
    m_Bits: 0
  m_ExcludeLayers:
    serializedVersion: 2
    m_Bits: 0
  m_LayerOverridePriority: 0
  m_IsTrigger: 0
  m_ProvidesContacts: 0
  m_Enabled: 1
  serializedVersion: 5
  m_Convex: 1
  m_CookingOptions: 30
  m_Mesh: {fileID: 9107981600168037870, guid: 10ec3fc22d1b944b5a6784f021bc384d, type: 3}
--- !u!54 &8852391789611468020
Rigidbody:
  m_ObjectHideFlags: 0
  m_CorrespondingSourceObject: {fileID: 0}
  m_PrefabInstance: {fileID: 0}
  m_PrefabAsset: {fileID: 0}
  m_GameObject: {fileID: 7416772048235021735}
  serializedVersion: 4
  m_Mass: 1
  m_Drag: 0
  m_AngularDrag: 0.05
  m_CenterOfMass: {x: 0, y: 0, z: 0}
  m_InertiaTensor: {x: 1, y: 1, z: 1}
  m_InertiaRotation: {x: 0, y: 0, z: 0, w: 1}
  m_IncludeLayers:
    serializedVersion: 2
    m_Bits: 0
  m_ExcludeLayers:
    serializedVersion: 2
    m_Bits: 0
  m_ImplicitCom: 1
  m_ImplicitTensor: 1
  m_UseGravity: 1
  m_IsKinematic: 0
  m_Interpolate: 0
  m_Constraints: 0
  m_CollisionDetection: 0
--- !u!1 &7448452500967291171 stripped
GameObject:
  m_CorrespondingSourceObject: {fileID: -6728553407265240498, guid: 10ec3fc22d1b944b5a6784f021bc384d, type: 3}
  m_PrefabInstance: {fileID: 5026395713927410541}
  m_PrefabAsset: {fileID: 0}
--- !u!64 &6526502846052992006
MeshCollider:
  m_ObjectHideFlags: 0
  m_CorrespondingSourceObject: {fileID: 0}
  m_PrefabInstance: {fileID: 0}
  m_PrefabAsset: {fileID: 0}
  m_GameObject: {fileID: 7448452500967291171}
  m_Material: {fileID: 0}
  m_IncludeLayers:
    serializedVersion: 2
    m_Bits: 0
  m_ExcludeLayers:
    serializedVersion: 2
    m_Bits: 0
  m_LayerOverridePriority: 0
  m_IsTrigger: 0
  m_ProvidesContacts: 0
  m_Enabled: 1
  serializedVersion: 5
  m_Convex: 1
  m_CookingOptions: 30
  m_Mesh: {fileID: 2602455560006781070, guid: 10ec3fc22d1b944b5a6784f021bc384d, type: 3}
--- !u!54 &7902026938044201942
Rigidbody:
  m_ObjectHideFlags: 0
  m_CorrespondingSourceObject: {fileID: 0}
  m_PrefabInstance: {fileID: 0}
  m_PrefabAsset: {fileID: 0}
  m_GameObject: {fileID: 7448452500967291171}
  serializedVersion: 4
  m_Mass: 1
  m_Drag: 0
  m_AngularDrag: 0.05
  m_CenterOfMass: {x: 0, y: 0, z: 0}
  m_InertiaTensor: {x: 1, y: 1, z: 1}
  m_InertiaRotation: {x: 0, y: 0, z: 0, w: 1}
  m_IncludeLayers:
    serializedVersion: 2
    m_Bits: 0
  m_ExcludeLayers:
    serializedVersion: 2
    m_Bits: 0
  m_ImplicitCom: 1
  m_ImplicitTensor: 1
  m_UseGravity: 1
  m_IsKinematic: 0
  m_Interpolate: 0
  m_Constraints: 0
  m_CollisionDetection: 0
--- !u!1 &8447923923555284303 stripped
GameObject:
  m_CorrespondingSourceObject: {fileID: -5693580953138952670, guid: 10ec3fc22d1b944b5a6784f021bc384d, type: 3}
  m_PrefabInstance: {fileID: 5026395713927410541}
  m_PrefabAsset: {fileID: 0}
--- !u!64 &978591858708241798
MeshCollider:
  m_ObjectHideFlags: 0
  m_CorrespondingSourceObject: {fileID: 0}
  m_PrefabInstance: {fileID: 0}
  m_PrefabAsset: {fileID: 0}
  m_GameObject: {fileID: 8447923923555284303}
  m_Material: {fileID: 0}
  m_IncludeLayers:
    serializedVersion: 2
    m_Bits: 0
  m_ExcludeLayers:
    serializedVersion: 2
    m_Bits: 0
  m_LayerOverridePriority: 0
  m_IsTrigger: 0
  m_ProvidesContacts: 0
  m_Enabled: 1
  serializedVersion: 5
  m_Convex: 1
  m_CookingOptions: 30
  m_Mesh: {fileID: 8040774269173839843, guid: 10ec3fc22d1b944b5a6784f021bc384d, type: 3}
--- !u!54 &4591807180223752181
Rigidbody:
  m_ObjectHideFlags: 0
  m_CorrespondingSourceObject: {fileID: 0}
  m_PrefabInstance: {fileID: 0}
  m_PrefabAsset: {fileID: 0}
  m_GameObject: {fileID: 8447923923555284303}
  serializedVersion: 4
  m_Mass: 1
  m_Drag: 0
  m_AngularDrag: 0.05
  m_CenterOfMass: {x: 0, y: 0, z: 0}
  m_InertiaTensor: {x: 1, y: 1, z: 1}
  m_InertiaRotation: {x: 0, y: 0, z: 0, w: 1}
  m_IncludeLayers:
    serializedVersion: 2
    m_Bits: 0
  m_ExcludeLayers:
    serializedVersion: 2
    m_Bits: 0
  m_ImplicitCom: 1
  m_ImplicitTensor: 1
  m_UseGravity: 1
  m_IsKinematic: 1
  m_Interpolate: 0
  m_Constraints: 0
  m_CollisionDetection: 0
--- !u!1 &8524240583458369809 stripped
GameObject:
  m_CorrespondingSourceObject: {fileID: -5508614961486544260, guid: 10ec3fc22d1b944b5a6784f021bc384d, type: 3}
  m_PrefabInstance: {fileID: 5026395713927410541}
  m_PrefabAsset: {fileID: 0}
--- !u!64 &2803198541487595867
MeshCollider:
  m_ObjectHideFlags: 0
  m_CorrespondingSourceObject: {fileID: 0}
  m_PrefabInstance: {fileID: 0}
  m_PrefabAsset: {fileID: 0}
  m_GameObject: {fileID: 8524240583458369809}
  m_Material: {fileID: 0}
  m_IncludeLayers:
    serializedVersion: 2
    m_Bits: 0
  m_ExcludeLayers:
    serializedVersion: 2
    m_Bits: 0
  m_LayerOverridePriority: 0
  m_IsTrigger: 0
  m_ProvidesContacts: 0
  m_Enabled: 1
  serializedVersion: 5
  m_Convex: 1
  m_CookingOptions: 30
  m_Mesh: {fileID: 1376584882040407060, guid: 10ec3fc22d1b944b5a6784f021bc384d, type: 3}
--- !u!54 &8491748839909842064
Rigidbody:
  m_ObjectHideFlags: 0
  m_CorrespondingSourceObject: {fileID: 0}
  m_PrefabInstance: {fileID: 0}
  m_PrefabAsset: {fileID: 0}
  m_GameObject: {fileID: 8524240583458369809}
  serializedVersion: 4
  m_Mass: 1
  m_Drag: 0
  m_AngularDrag: 0.05
  m_CenterOfMass: {x: 0, y: 0, z: 0}
  m_InertiaTensor: {x: 1, y: 1, z: 1}
  m_InertiaRotation: {x: 0, y: 0, z: 0, w: 1}
  m_IncludeLayers:
    serializedVersion: 2
    m_Bits: 0
  m_ExcludeLayers:
    serializedVersion: 2
    m_Bits: 0
  m_ImplicitCom: 1
  m_ImplicitTensor: 1
  m_UseGravity: 1
  m_IsKinematic: 1
  m_Interpolate: 0
  m_Constraints: 0
  m_CollisionDetection: 0
--- !u!1 &8818777973854803689 stripped
GameObject:
  m_CorrespondingSourceObject: {fileID: -4637634962309782140, guid: 10ec3fc22d1b944b5a6784f021bc384d, type: 3}
  m_PrefabInstance: {fileID: 5026395713927410541}
  m_PrefabAsset: {fileID: 0}
--- !u!64 &1208689497159159356
MeshCollider:
  m_ObjectHideFlags: 0
  m_CorrespondingSourceObject: {fileID: 0}
  m_PrefabInstance: {fileID: 0}
  m_PrefabAsset: {fileID: 0}
  m_GameObject: {fileID: 8818777973854803689}
  m_Material: {fileID: 0}
  m_IncludeLayers:
    serializedVersion: 2
    m_Bits: 0
  m_ExcludeLayers:
    serializedVersion: 2
    m_Bits: 0
  m_LayerOverridePriority: 0
  m_IsTrigger: 0
  m_ProvidesContacts: 0
  m_Enabled: 1
  serializedVersion: 5
  m_Convex: 1
  m_CookingOptions: 30
  m_Mesh: {fileID: -5186888486677308627, guid: 10ec3fc22d1b944b5a6784f021bc384d, type: 3}
--- !u!54 &6613773282911223338
Rigidbody:
  m_ObjectHideFlags: 0
  m_CorrespondingSourceObject: {fileID: 0}
  m_PrefabInstance: {fileID: 0}
  m_PrefabAsset: {fileID: 0}
  m_GameObject: {fileID: 8818777973854803689}
  serializedVersion: 4
  m_Mass: 1
  m_Drag: 0
  m_AngularDrag: 0.05
  m_CenterOfMass: {x: 0, y: 0, z: 0}
  m_InertiaTensor: {x: 1, y: 1, z: 1}
  m_InertiaRotation: {x: 0, y: 0, z: 0, w: 1}
  m_IncludeLayers:
    serializedVersion: 2
    m_Bits: 0
  m_ExcludeLayers:
    serializedVersion: 2
    m_Bits: 0
  m_ImplicitCom: 1
  m_ImplicitTensor: 1
  m_UseGravity: 1
  m_IsKinematic: 0
  m_Interpolate: 0
  m_Constraints: 0
  m_CollisionDetection: 0
--- !u!1 &8998759142990276785 stripped
GameObject:
  m_CorrespondingSourceObject: {fileID: 4117235115632597980, guid: 10ec3fc22d1b944b5a6784f021bc384d, type: 3}
  m_PrefabInstance: {fileID: 5026395713927410541}
  m_PrefabAsset: {fileID: 0}
--- !u!64 &635101768468022150
MeshCollider:
  m_ObjectHideFlags: 0
  m_CorrespondingSourceObject: {fileID: 0}
  m_PrefabInstance: {fileID: 0}
  m_PrefabAsset: {fileID: 0}
  m_GameObject: {fileID: 8998759142990276785}
  m_Material: {fileID: 0}
  m_IncludeLayers:
    serializedVersion: 2
    m_Bits: 0
  m_ExcludeLayers:
    serializedVersion: 2
    m_Bits: 0
  m_LayerOverridePriority: 0
  m_IsTrigger: 0
  m_ProvidesContacts: 0
  m_Enabled: 1
  serializedVersion: 5
  m_Convex: 1
  m_CookingOptions: 30
  m_Mesh: {fileID: 8562770395493570360, guid: 10ec3fc22d1b944b5a6784f021bc384d, type: 3}
--- !u!54 &3249099460191160441
Rigidbody:
  m_ObjectHideFlags: 0
  m_CorrespondingSourceObject: {fileID: 0}
  m_PrefabInstance: {fileID: 0}
  m_PrefabAsset: {fileID: 0}
  m_GameObject: {fileID: 8998759142990276785}
  serializedVersion: 4
  m_Mass: 1
  m_Drag: 0
  m_AngularDrag: 0.05
  m_CenterOfMass: {x: 0, y: 0, z: 0}
  m_InertiaTensor: {x: 1, y: 1, z: 1}
  m_InertiaRotation: {x: 0, y: 0, z: 0, w: 1}
  m_IncludeLayers:
    serializedVersion: 2
    m_Bits: 0
  m_ExcludeLayers:
    serializedVersion: 2
    m_Bits: 0
  m_ImplicitCom: 1
  m_ImplicitTensor: 1
  m_UseGravity: 1
  m_IsKinematic: 1
  m_Interpolate: 0
  m_Constraints: 0
  m_CollisionDetection: 0
