%YAML 1.1
%TAG !u! tag:unity3d.com,2011:
--- !u!1 &2869470022319643836
GameObject:
  m_ObjectHideFlags: 0
  m_CorrespondingSourceObject: {fileID: 0}
  m_PrefabInstance: {fileID: 0}
  m_PrefabAsset: {fileID: 0}
  serializedVersion: 6
  m_Component:
  - component: {fileID: 553093240879540904}
  - component: {fileID: 8256128972392349724}
  - component: {fileID: 6617936471314963920}
  - component: {fileID: 3018699678357186397}
  - component: {fileID: 8804748468354087070}
  - component: {fileID: 1521089284036806996}
  m_Layer: 0
  m_Name: unbroken glass
  m_TagString: Breaking
  m_Icon: {fileID: 0}
  m_NavMeshLayer: 0
  m_StaticEditorFlags: 0
  m_IsActive: 1
--- !u!4 &553093240879540904
Transform:
  m_ObjectHideFlags: 0
  m_CorrespondingSourceObject: {fileID: 0}
  m_PrefabInstance: {fileID: 0}
  m_PrefabAsset: {fileID: 0}
  m_GameObject: {fileID: 2869470022319643836}
  serializedVersion: 2
  m_LocalRotation: {x: -0, y: -0, z: -0, w: 1}
  m_LocalPosition: {x: 0, y: 0, z: 0}
  m_LocalScale: {x: 1, y: 11.178125, z: 15.270937}
  m_ConstrainProportionsScale: 0
  m_Children: []
  m_Father: {fileID: 1274925484904774216}
  m_LocalEulerAnglesHint: {x: 0, y: 0, z: 0}
--- !u!33 &8256128972392349724
MeshFilter:
  m_ObjectHideFlags: 0
  m_CorrespondingSourceObject: {fileID: 0}
  m_PrefabInstance: {fileID: 0}
  m_PrefabAsset: {fileID: 0}
  m_GameObject: {fileID: 2869470022319643836}
  m_Mesh: {fileID: 10202, guid: 0000000000000000e000000000000000, type: 0}
--- !u!23 &6617936471314963920
MeshRenderer:
  m_ObjectHideFlags: 0
  m_CorrespondingSourceObject: {fileID: 0}
  m_PrefabInstance: {fileID: 0}
  m_PrefabAsset: {fileID: 0}
  m_GameObject: {fileID: 2869470022319643836}
  m_Enabled: 1
  m_CastShadows: 1
  m_ReceiveShadows: 1
  m_DynamicOccludee: 1
  m_StaticShadowCaster: 0
  m_MotionVectors: 1
  m_LightProbeUsage: 1
  m_ReflectionProbeUsage: 1
  m_RayTracingMode: 2
  m_RayTraceProcedural: 0
  m_RenderingLayerMask: 1
  m_RendererPriority: 0
  m_Materials:
  - {fileID: 2100000, guid: a2f0837a2a5c04c48a05303c497241b5, type: 2}
  m_StaticBatchInfo:
    firstSubMesh: 0
    subMeshCount: 0
  m_StaticBatchRoot: {fileID: 0}
  m_ProbeAnchor: {fileID: 0}
  m_LightProbeVolumeOverride: {fileID: 0}
  m_ScaleInLightmap: 1
  m_ReceiveGI: 1
  m_PreserveUVs: 0
  m_IgnoreNormalsForChartDetection: 0
  m_ImportantGI: 0
  m_StitchLightmapSeams: 1
  m_SelectedEditorRenderState: 3
  m_MinimumChartSize: 4
  m_AutoUVMaxDistance: 0.5
  m_AutoUVMaxAngle: 89
  m_LightmapParameters: {fileID: 0}
  m_SortingLayerID: 0
  m_SortingLayer: 0
  m_SortingOrder: 0
  m_AdditionalVertexStreams: {fileID: 0}
--- !u!65 &3018699678357186397
BoxCollider:
  m_ObjectHideFlags: 0
  m_CorrespondingSourceObject: {fileID: 0}
  m_PrefabInstance: {fileID: 0}
  m_PrefabAsset: {fileID: 0}
  m_GameObject: {fileID: 2869470022319643836}
  m_Material: {fileID: 0}
  m_IncludeLayers:
    serializedVersion: 2
    m_Bits: 0
  m_ExcludeLayers:
    serializedVersion: 2
    m_Bits: 0
  m_LayerOverridePriority: 0
  m_IsTrigger: 0
  m_ProvidesContacts: 0
  m_Enabled: 1
  serializedVersion: 3
  m_Size: {x: 1, y: 1, z: 1}
  m_Center: {x: 0, y: 0, z: 0}
--- !u!114 &8804748468354087070
MonoBehaviour:
  m_ObjectHideFlags: 0
  m_CorrespondingSourceObject: {fileID: 0}
  m_PrefabInstance: {fileID: 0}
  m_PrefabAsset: {fileID: 0}
  m_GameObject: {fileID: 2869470022319643836}
  m_Enabled: 1
  m_EditorHideFlags: 0
  m_Script: {fileID: 11500000, guid: 2aa16ba2a56f0554ab10963d5cf1b756, type: 3}
  m_Name: 
  m_EditorClassIdentifier: 
  pointMultiplier: 1
  minMoveDistance: 1
  maxPoints: 100
  minStopSpeed: 1
  settleTime: 1
  currentTime: 0
  currentPoints: 0
  doneMoving: 0
  startTime: 0
  firstForceMultiplier: 1
--- !u!54 &1521089284036806996
Rigidbody:
  m_ObjectHideFlags: 0
  m_CorrespondingSourceObject: {fileID: 0}
  m_PrefabInstance: {fileID: 0}
  m_PrefabAsset: {fileID: 0}
  m_GameObject: {fileID: 2869470022319643836}
  serializedVersion: 4
  m_Mass: 1
  m_Drag: 0
  m_AngularDrag: 0.05
  m_CenterOfMass: {x: 0, y: 0, z: 0}
  m_InertiaTensor: {x: 1, y: 1, z: 1}
  m_InertiaRotation: {x: 0, y: 0, z: 0, w: 1}
  m_IncludeLayers:
    serializedVersion: 2
    m_Bits: 0
  m_ExcludeLayers:
    serializedVersion: 2
    m_Bits: 0
  m_ImplicitCom: 1
  m_ImplicitTensor: 1
  m_UseGravity: 1
  m_IsKinematic: 1
  m_Interpolate: 0
  m_Constraints: 0
  m_CollisionDetection: 0
--- !u!1 &5690770799135965799
GameObject:
  m_ObjectHideFlags: 0
  m_CorrespondingSourceObject: {fileID: 0}
  m_PrefabInstance: {fileID: 0}
  m_PrefabAsset: {fileID: 0}
  serializedVersion: 6
  m_Component:
  - component: {fileID: 1274925484904774216}
  - component: {fileID: 1159990458206253647}
  m_Layer: 0
  m_Name: GlassCube
  m_TagString: Untagged
  m_Icon: {fileID: 0}
  m_NavMeshLayer: 0
  m_StaticEditorFlags: 0
  m_IsActive: 1
--- !u!4 &1274925484904774216
Transform:
  m_ObjectHideFlags: 0
  m_CorrespondingSourceObject: {fileID: 0}
  m_PrefabInstance: {fileID: 0}
  m_PrefabAsset: {fileID: 0}
  m_GameObject: {fileID: 5690770799135965799}
  serializedVersion: 2
  m_LocalRotation: {x: 0, y: -0.7071068, z: 0, w: 0.7071068}
  m_LocalPosition: {x: -0.0648, y: 12.2476, z: -41.0645}
  m_LocalScale: {x: 1, y: 1, z: 1}
  m_ConstrainProportionsScale: 0
  m_Children:
  - {fileID: 553093240879540904}
  - {fileID: 3328768258779790243}
  m_Father: {fileID: 0}
  m_LocalEulerAnglesHint: {x: 0, y: -90, z: 0}
--- !u!114 &1159990458206253647
MonoBehaviour:
  m_ObjectHideFlags: 0
  m_CorrespondingSourceObject: {fileID: 0}
  m_PrefabInstance: {fileID: 0}
  m_PrefabAsset: {fileID: 0}
  m_GameObject: {fileID: 5690770799135965799}
  m_Enabled: 1
  m_EditorHideFlags: 0
  m_Script: {fileID: 11500000, guid: b1b9e4b57b26b0842a2fbe8cdceb0444, type: 3}
  m_Name: 
  m_EditorClassIdentifier: 
  health: 1
  destroyMode: 0
  stateChangePrefab: {fileID: 0}
  breakScore: 20
--- !u!1001 &3006311515718900808
PrefabInstance:
  m_ObjectHideFlags: 0
  serializedVersion: 2
  m_Modification:
    serializedVersion: 3
    m_TransformParent: {fileID: 1274925484904774216}
    m_Modifications:
    - target: {fileID: -9008574784934589268, guid: 6fddd368a19e24321b2cad802928dad5, type: 3}
      propertyPath: m_Materials.Array.data[0]
      value: 
      objectReference: {fileID: 2100000, guid: a2f0837a2a5c04c48a05303c497241b5, type: 2}
    - target: {fileID: -8679921383154817045, guid: 6fddd368a19e24321b2cad802928dad5, type: 3}
      propertyPath: m_LocalScale.x
      value: 5.346813
      objectReference: {fileID: 0}
    - target: {fileID: -8679921383154817045, guid: 6fddd368a19e24321b2cad802928dad5, type: 3}
      propertyPath: m_LocalScale.y
      value: 5.5673437
      objectReference: {fileID: 0}
    - target: {fileID: -8679921383154817045, guid: 6fddd368a19e24321b2cad802928dad5, type: 3}
      propertyPath: m_LocalScale.z
      value: 5.505469
      objectReference: {fileID: 0}
    - target: {fileID: -8679921383154817045, guid: 6fddd368a19e24321b2cad802928dad5, type: 3}
      propertyPath: m_LocalPosition.x
      value: 0
      objectReference: {fileID: 0}
    - target: {fileID: -8679921383154817045, guid: 6fddd368a19e24321b2cad802928dad5, type: 3}
      propertyPath: m_LocalPosition.y
      value: 0
      objectReference: {fileID: 0}
    - target: {fileID: -8679921383154817045, guid: 6fddd368a19e24321b2cad802928dad5, type: 3}
      propertyPath: m_LocalPosition.z
      value: 0
      objectReference: {fileID: 0}
    - target: {fileID: -8679921383154817045, guid: 6fddd368a19e24321b2cad802928dad5, type: 3}
      propertyPath: m_LocalRotation.w
      value: 1
      objectReference: {fileID: 0}
    - target: {fileID: -8679921383154817045, guid: 6fddd368a19e24321b2cad802928dad5, type: 3}
      propertyPath: m_LocalRotation.x
      value: 0
      objectReference: {fileID: 0}
    - target: {fileID: -8679921383154817045, guid: 6fddd368a19e24321b2cad802928dad5, type: 3}
      propertyPath: m_LocalRotation.y
      value: 0
      objectReference: {fileID: 0}
    - target: {fileID: -8679921383154817045, guid: 6fddd368a19e24321b2cad802928dad5, type: 3}
      propertyPath: m_LocalRotation.z
      value: 0
      objectReference: {fileID: 0}
    - target: {fileID: -8679921383154817045, guid: 6fddd368a19e24321b2cad802928dad5, type: 3}
      propertyPath: m_LocalEulerAnglesHint.x
      value: 0
      objectReference: {fileID: 0}
    - target: {fileID: -8679921383154817045, guid: 6fddd368a19e24321b2cad802928dad5, type: 3}
      propertyPath: m_LocalEulerAnglesHint.y
      value: 0
      objectReference: {fileID: 0}
    - target: {fileID: -8679921383154817045, guid: 6fddd368a19e24321b2cad802928dad5, type: 3}
      propertyPath: m_LocalEulerAnglesHint.z
      value: 0
      objectReference: {fileID: 0}
    - target: {fileID: -8157331303546256015, guid: 6fddd368a19e24321b2cad802928dad5, type: 3}
      propertyPath: m_Materials.Array.data[0]
      value: 
      objectReference: {fileID: 2100000, guid: a2f0837a2a5c04c48a05303c497241b5, type: 2}
    - target: {fileID: -5335073053472954707, guid: 6fddd368a19e24321b2cad802928dad5, type: 3}
      propertyPath: m_Materials.Array.data[0]
      value: 
      objectReference: {fileID: 2100000, guid: a2f0837a2a5c04c48a05303c497241b5, type: 2}
    - target: {fileID: -5274583656786309200, guid: 6fddd368a19e24321b2cad802928dad5, type: 3}
      propertyPath: m_Materials.Array.data[0]
      value: 
      objectReference: {fileID: 2100000, guid: a2f0837a2a5c04c48a05303c497241b5, type: 2}
    - target: {fileID: -5103411483515222232, guid: 6fddd368a19e24321b2cad802928dad5, type: 3}
      propertyPath: m_Materials.Array.data[0]
      value: 
      objectReference: {fileID: 2100000, guid: a2f0837a2a5c04c48a05303c497241b5, type: 2}
    - target: {fileID: -2271843810309769280, guid: 6fddd368a19e24321b2cad802928dad5, type: 3}
      propertyPath: m_Materials.Array.data[0]
      value: 
      objectReference: {fileID: 2100000, guid: a2f0837a2a5c04c48a05303c497241b5, type: 2}
    - target: {fileID: 919132149155446097, guid: 6fddd368a19e24321b2cad802928dad5, type: 3}
      propertyPath: m_Name
      value: broken glass
      objectReference: {fileID: 0}
    - target: {fileID: 919132149155446097, guid: 6fddd368a19e24321b2cad802928dad5, type: 3}
      propertyPath: m_IsActive
      value: 0
      objectReference: {fileID: 0}
    - target: {fileID: 1340763527310418025, guid: 6fddd368a19e24321b2cad802928dad5, type: 3}
      propertyPath: m_Materials.Array.data[0]
      value: 
      objectReference: {fileID: 2100000, guid: a2f0837a2a5c04c48a05303c497241b5, type: 2}
    - target: {fileID: 1741506042474426101, guid: 6fddd368a19e24321b2cad802928dad5, type: 3}
      propertyPath: m_Materials.Array.data[0]
      value: 
      objectReference: {fileID: 2100000, guid: a2f0837a2a5c04c48a05303c497241b5, type: 2}
    - target: {fileID: 2879233150643282357, guid: 6fddd368a19e24321b2cad802928dad5, type: 3}
      propertyPath: m_Materials.Array.data[0]
      value: 
      objectReference: {fileID: 2100000, guid: a2f0837a2a5c04c48a05303c497241b5, type: 2}
    - target: {fileID: 3901394471736497940, guid: 6fddd368a19e24321b2cad802928dad5, type: 3}
      propertyPath: m_Materials.Array.data[0]
      value: 
      objectReference: {fileID: 2100000, guid: a2f0837a2a5c04c48a05303c497241b5, type: 2}
    - target: {fileID: 5028173951934167118, guid: 6fddd368a19e24321b2cad802928dad5, type: 3}
      propertyPath: m_Materials.Array.data[0]
      value: 
      objectReference: {fileID: 2100000, guid: a2f0837a2a5c04c48a05303c497241b5, type: 2}
    - target: {fileID: 5771879935722385197, guid: 6fddd368a19e24321b2cad802928dad5, type: 3}
      propertyPath: m_Materials.Array.data[0]
      value: 
      objectReference: {fileID: 2100000, guid: a2f0837a2a5c04c48a05303c497241b5, type: 2}
    - target: {fileID: 6054252687016790723, guid: 6fddd368a19e24321b2cad802928dad5, type: 3}
      propertyPath: m_Materials.Array.data[0]
      value: 
      objectReference: {fileID: 2100000, guid: a2f0837a2a5c04c48a05303c497241b5, type: 2}
    - target: {fileID: 8148651850598613541, guid: 6fddd368a19e24321b2cad802928dad5, type: 3}
      propertyPath: m_Materials.Array.data[0]
      value: 
      objectReference: {fileID: 2100000, guid: a2f0837a2a5c04c48a05303c497241b5, type: 2}
    - target: {fileID: 8247850577448708049, guid: 6fddd368a19e24321b2cad802928dad5, type: 3}
      propertyPath: m_Materials.Array.data[0]
      value: 
      objectReference: {fileID: 2100000, guid: a2f0837a2a5c04c48a05303c497241b5, type: 2}
    - target: {fileID: 8626969183307851500, guid: 6fddd368a19e24321b2cad802928dad5, type: 3}
      propertyPath: m_Materials.Array.data[0]
      value: 
      objectReference: {fileID: 2100000, guid: a2f0837a2a5c04c48a05303c497241b5, type: 2}
    m_RemovedComponents: []
    m_RemovedGameObjects: []
    m_AddedGameObjects: []
    m_AddedComponents:
    - targetCorrespondingSourceObject: {fileID: -2995828229661691052, guid: 6fddd368a19e24321b2cad802928dad5, type: 3}
      insertIndex: -1
      addedObject: {fileID: 8279464377738181174}
    - targetCorrespondingSourceObject: {fileID: -2995828229661691052, guid: 6fddd368a19e24321b2cad802928dad5, type: 3}
      insertIndex: -1
      addedObject: {fileID: 7435873955758015020}
    - targetCorrespondingSourceObject: {fileID: -9173289205522083429, guid: 6fddd368a19e24321b2cad802928dad5, type: 3}
      insertIndex: -1
      addedObject: {fileID: 8767967866846336344}
    - targetCorrespondingSourceObject: {fileID: -9173289205522083429, guid: 6fddd368a19e24321b2cad802928dad5, type: 3}
      insertIndex: -1
      addedObject: {fileID: 1337423667732186018}
    - targetCorrespondingSourceObject: {fileID: -1040532300572238593, guid: 6fddd368a19e24321b2cad802928dad5, type: 3}
      insertIndex: -1
      addedObject: {fileID: 7810684054462678914}
    - targetCorrespondingSourceObject: {fileID: -1040532300572238593, guid: 6fddd368a19e24321b2cad802928dad5, type: 3}
      insertIndex: -1
      addedObject: {fileID: 3329741556535616954}
    - targetCorrespondingSourceObject: {fileID: -2317783729880623251, guid: 6fddd368a19e24321b2cad802928dad5, type: 3}
      insertIndex: -1
      addedObject: {fileID: 862123336060212272}
    - targetCorrespondingSourceObject: {fileID: -2317783729880623251, guid: 6fddd368a19e24321b2cad802928dad5, type: 3}
      insertIndex: -1
      addedObject: {fileID: 4374299558410458332}
    - targetCorrespondingSourceObject: {fileID: 7622061829851557065, guid: 6fddd368a19e24321b2cad802928dad5, type: 3}
      insertIndex: -1
      addedObject: {fileID: 358820642773540290}
    - targetCorrespondingSourceObject: {fileID: 7622061829851557065, guid: 6fddd368a19e24321b2cad802928dad5, type: 3}
      insertIndex: -1
      addedObject: {fileID: 3433774670588756994}
    - targetCorrespondingSourceObject: {fileID: -994536601662627174, guid: 6fddd368a19e24321b2cad802928dad5, type: 3}
      insertIndex: -1
      addedObject: {fileID: 7336050015884707305}
    - targetCorrespondingSourceObject: {fileID: -994536601662627174, guid: 6fddd368a19e24321b2cad802928dad5, type: 3}
      insertIndex: -1
      addedObject: {fileID: 414711155837177975}
    - targetCorrespondingSourceObject: {fileID: 8704484798943859418, guid: 6fddd368a19e24321b2cad802928dad5, type: 3}
      insertIndex: -1
      addedObject: {fileID: 5357555058481262239}
    - targetCorrespondingSourceObject: {fileID: 8704484798943859418, guid: 6fddd368a19e24321b2cad802928dad5, type: 3}
      insertIndex: -1
      addedObject: {fileID: 2512418416097221048}
    - targetCorrespondingSourceObject: {fileID: 3021780583470790795, guid: 6fddd368a19e24321b2cad802928dad5, type: 3}
      insertIndex: -1
      addedObject: {fileID: 8510987735671028106}
    - targetCorrespondingSourceObject: {fileID: 3021780583470790795, guid: 6fddd368a19e24321b2cad802928dad5, type: 3}
      insertIndex: -1
      addedObject: {fileID: 7874911998718707893}
    - targetCorrespondingSourceObject: {fileID: -6554458113972422046, guid: 6fddd368a19e24321b2cad802928dad5, type: 3}
      insertIndex: -1
      addedObject: {fileID: 9207277170275097430}
    - targetCorrespondingSourceObject: {fileID: -6554458113972422046, guid: 6fddd368a19e24321b2cad802928dad5, type: 3}
      insertIndex: -1
      addedObject: {fileID: 9066900623615588283}
    - targetCorrespondingSourceObject: {fileID: -6287507708789746472, guid: 6fddd368a19e24321b2cad802928dad5, type: 3}
      insertIndex: -1
      addedObject: {fileID: 7880738892447297938}
    - targetCorrespondingSourceObject: {fileID: -6287507708789746472, guid: 6fddd368a19e24321b2cad802928dad5, type: 3}
      insertIndex: -1
      addedObject: {fileID: 1636097771860478211}
    - targetCorrespondingSourceObject: {fileID: 1949450254104934513, guid: 6fddd368a19e24321b2cad802928dad5, type: 3}
      insertIndex: -1
      addedObject: {fileID: 5790554710882645228}
    - targetCorrespondingSourceObject: {fileID: 1949450254104934513, guid: 6fddd368a19e24321b2cad802928dad5, type: 3}
      insertIndex: -1
      addedObject: {fileID: 4659926405634194983}
    - targetCorrespondingSourceObject: {fileID: -5932697402597701450, guid: 6fddd368a19e24321b2cad802928dad5, type: 3}
      insertIndex: -1
      addedObject: {fileID: 6220129232696635430}
    - targetCorrespondingSourceObject: {fileID: -5932697402597701450, guid: 6fddd368a19e24321b2cad802928dad5, type: 3}
      insertIndex: -1
      addedObject: {fileID: 4630880574776825777}
    - targetCorrespondingSourceObject: {fileID: -5445087602156973708, guid: 6fddd368a19e24321b2cad802928dad5, type: 3}
      insertIndex: -1
      addedObject: {fileID: 3239876804637686193}
    - targetCorrespondingSourceObject: {fileID: -5445087602156973708, guid: 6fddd368a19e24321b2cad802928dad5, type: 3}
      insertIndex: -1
      addedObject: {fileID: 2980220865686826067}
    - targetCorrespondingSourceObject: {fileID: 2506466916132933284, guid: 6fddd368a19e24321b2cad802928dad5, type: 3}
      insertIndex: -1
      addedObject: {fileID: 9063022454671181215}
    - targetCorrespondingSourceObject: {fileID: 2506466916132933284, guid: 6fddd368a19e24321b2cad802928dad5, type: 3}
      insertIndex: -1
      addedObject: {fileID: 7297058059501615531}
    - targetCorrespondingSourceObject: {fileID: 459941105309665422, guid: 6fddd368a19e24321b2cad802928dad5, type: 3}
      insertIndex: -1
      addedObject: {fileID: 747767520538843703}
    - targetCorrespondingSourceObject: {fileID: 459941105309665422, guid: 6fddd368a19e24321b2cad802928dad5, type: 3}
      insertIndex: -1
      addedObject: {fileID: 6598964643607601753}
    - targetCorrespondingSourceObject: {fileID: -5926029762019210739, guid: 6fddd368a19e24321b2cad802928dad5, type: 3}
      insertIndex: -1
      addedObject: {fileID: 7290494230265134096}
    - targetCorrespondingSourceObject: {fileID: -5926029762019210739, guid: 6fddd368a19e24321b2cad802928dad5, type: 3}
      insertIndex: -1
      addedObject: {fileID: 6145590213337428071}
  m_SourcePrefab: {fileID: 100100000, guid: 6fddd368a19e24321b2cad802928dad5, type: 3}
--- !u!1 &24511459969311939 stripped
GameObject:
  m_CorrespondingSourceObject: {fileID: 3021780583470790795, guid: 6fddd368a19e24321b2cad802928dad5, type: 3}
  m_PrefabInstance: {fileID: 3006311515718900808}
  m_PrefabAsset: {fileID: 0}
--- !u!64 &8510987735671028106
MeshCollider:
  m_ObjectHideFlags: 0
  m_CorrespondingSourceObject: {fileID: 0}
  m_PrefabInstance: {fileID: 0}
  m_PrefabAsset: {fileID: 0}
  m_GameObject: {fileID: 24511459969311939}
  m_Material: {fileID: 0}
  m_IncludeLayers:
    serializedVersion: 2
    m_Bits: 0
  m_ExcludeLayers:
    serializedVersion: 2
    m_Bits: 0
  m_LayerOverridePriority: 0
  m_IsTrigger: 0
  m_ProvidesContacts: 0
  m_Enabled: 1
  serializedVersion: 5
  m_Convex: 1
  m_CookingOptions: 30
  m_Mesh: {fileID: -1071095212348521719, guid: 6fddd368a19e24321b2cad802928dad5, type: 3}
--- !u!54 &7874911998718707893
Rigidbody:
  m_ObjectHideFlags: 0
  m_CorrespondingSourceObject: {fileID: 0}
  m_PrefabInstance: {fileID: 0}
  m_PrefabAsset: {fileID: 0}
  m_GameObject: {fileID: 24511459969311939}
  serializedVersion: 4
  m_Mass: 1
  m_Drag: 0
  m_AngularDrag: 0.05
  m_CenterOfMass: {x: 0, y: 0, z: 0}
  m_InertiaTensor: {x: 1, y: 1, z: 1}
  m_InertiaRotation: {x: 0, y: 0, z: 0, w: 1}
  m_IncludeLayers:
    serializedVersion: 2
    m_Bits: 0
  m_ExcludeLayers:
    serializedVersion: 2
    m_Bits: 0
  m_ImplicitCom: 1
  m_ImplicitTensor: 1
  m_UseGravity: 1
  m_IsKinematic: 0
  m_Interpolate: 0
  m_Constraints: 0
  m_CollisionDetection: 0
--- !u!1 &73985484960417936 stripped
GameObject:
  m_CorrespondingSourceObject: {fileID: -6287507708789746472, guid: 6fddd368a19e24321b2cad802928dad5, type: 3}
  m_PrefabInstance: {fileID: 3006311515718900808}
  m_PrefabAsset: {fileID: 0}
--- !u!64 &7880738892447297938
MeshCollider:
  m_ObjectHideFlags: 0
  m_CorrespondingSourceObject: {fileID: 0}
  m_PrefabInstance: {fileID: 0}
  m_PrefabAsset: {fileID: 0}
  m_GameObject: {fileID: 73985484960417936}
  m_Material: {fileID: 0}
  m_IncludeLayers:
    serializedVersion: 2
    m_Bits: 0
  m_ExcludeLayers:
    serializedVersion: 2
    m_Bits: 0
  m_LayerOverridePriority: 0
  m_IsTrigger: 0
  m_ProvidesContacts: 0
  m_Enabled: 1
  serializedVersion: 5
  m_Convex: 1
  m_CookingOptions: 30
  m_Mesh: {fileID: -1830397097415298094, guid: 6fddd368a19e24321b2cad802928dad5, type: 3}
--- !u!54 &1636097771860478211
Rigidbody:
  m_ObjectHideFlags: 0
  m_CorrespondingSourceObject: {fileID: 0}
  m_PrefabInstance: {fileID: 0}
  m_PrefabAsset: {fileID: 0}
  m_GameObject: {fileID: 73985484960417936}
  serializedVersion: 4
  m_Mass: 1
  m_Drag: 0
  m_AngularDrag: 0.05
  m_CenterOfMass: {x: 0, y: 0, z: 0}
  m_InertiaTensor: {x: 1, y: 1, z: 1}
  m_InertiaRotation: {x: 0, y: 0, z: 0, w: 1}
  m_IncludeLayers:
    serializedVersion: 2
    m_Bits: 0
  m_ExcludeLayers:
    serializedVersion: 2
    m_Bits: 0
  m_ImplicitCom: 1
  m_ImplicitTensor: 1
  m_UseGravity: 1
  m_IsKinematic: 0
  m_Interpolate: 0
  m_Constraints: 0
  m_CollisionDetection: 0
--- !u!1 &293370868373869822 stripped
GameObject:
  m_CorrespondingSourceObject: {fileID: -5932697402597701450, guid: 6fddd368a19e24321b2cad802928dad5, type: 3}
  m_PrefabInstance: {fileID: 3006311515718900808}
  m_PrefabAsset: {fileID: 0}
--- !u!64 &6220129232696635430
MeshCollider:
  m_ObjectHideFlags: 0
  m_CorrespondingSourceObject: {fileID: 0}
  m_PrefabInstance: {fileID: 0}
  m_PrefabAsset: {fileID: 0}
  m_GameObject: {fileID: 293370868373869822}
  m_Material: {fileID: 0}
  m_IncludeLayers:
    serializedVersion: 2
    m_Bits: 0
  m_ExcludeLayers:
    serializedVersion: 2
    m_Bits: 0
  m_LayerOverridePriority: 0
  m_IsTrigger: 0
  m_ProvidesContacts: 0
  m_Enabled: 1
  serializedVersion: 5
  m_Convex: 1
  m_CookingOptions: 30
  m_Mesh: {fileID: -5140443724037773700, guid: 6fddd368a19e24321b2cad802928dad5, type: 3}
--- !u!54 &4630880574776825777
Rigidbody:
  m_ObjectHideFlags: 0
  m_CorrespondingSourceObject: {fileID: 0}
  m_PrefabInstance: {fileID: 0}
  m_PrefabAsset: {fileID: 0}
  m_GameObject: {fileID: 293370868373869822}
  serializedVersion: 4
  m_Mass: 1
  m_Drag: 0
  m_AngularDrag: 0.05
  m_CenterOfMass: {x: 0, y: 0, z: 0}
  m_InertiaTensor: {x: 1, y: 1, z: 1}
  m_InertiaRotation: {x: 0, y: 0, z: 0, w: 1}
  m_IncludeLayers:
    serializedVersion: 2
    m_Bits: 0
  m_ExcludeLayers:
    serializedVersion: 2
    m_Bits: 0
  m_ImplicitCom: 1
  m_ImplicitTensor: 1
  m_UseGravity: 1
  m_IsKinematic: 0
  m_Interpolate: 0
  m_Constraints: 0
  m_CollisionDetection: 0
--- !u!1 &322591424633935429 stripped
GameObject:
  m_CorrespondingSourceObject: {fileID: -5926029762019210739, guid: 6fddd368a19e24321b2cad802928dad5, type: 3}
  m_PrefabInstance: {fileID: 3006311515718900808}
  m_PrefabAsset: {fileID: 0}
--- !u!64 &7290494230265134096
MeshCollider:
  m_ObjectHideFlags: 0
  m_CorrespondingSourceObject: {fileID: 0}
  m_PrefabInstance: {fileID: 0}
  m_PrefabAsset: {fileID: 0}
  m_GameObject: {fileID: 322591424633935429}
  m_Material: {fileID: 0}
  m_IncludeLayers:
    serializedVersion: 2
    m_Bits: 0
  m_ExcludeLayers:
    serializedVersion: 2
    m_Bits: 0
  m_LayerOverridePriority: 0
  m_IsTrigger: 0
  m_ProvidesContacts: 0
  m_Enabled: 1
  serializedVersion: 5
  m_Convex: 1
  m_CookingOptions: 30
  m_Mesh: {fileID: -8566100093467631325, guid: 6fddd368a19e24321b2cad802928dad5, type: 3}
--- !u!54 &6145590213337428071
Rigidbody:
  m_ObjectHideFlags: 0
  m_CorrespondingSourceObject: {fileID: 0}
  m_PrefabInstance: {fileID: 0}
  m_PrefabAsset: {fileID: 0}
  m_GameObject: {fileID: 322591424633935429}
  serializedVersion: 4
  m_Mass: 1
  m_Drag: 0
  m_AngularDrag: 0.05
  m_CenterOfMass: {x: 0, y: 0, z: 0}
  m_InertiaTensor: {x: 1, y: 1, z: 1}
  m_InertiaRotation: {x: 0, y: 0, z: 0, w: 1}
  m_IncludeLayers:
    serializedVersion: 2
    m_Bits: 0
  m_ExcludeLayers:
    serializedVersion: 2
    m_Bits: 0
  m_ImplicitCom: 1
  m_ImplicitTensor: 1
  m_UseGravity: 1
  m_IsKinematic: 0
  m_Interpolate: 0
  m_Constraints: 0
  m_CollisionDetection: 0
--- !u!1 &824248910481986284 stripped
GameObject:
  m_CorrespondingSourceObject: {fileID: 2506466916132933284, guid: 6fddd368a19e24321b2cad802928dad5, type: 3}
  m_PrefabInstance: {fileID: 3006311515718900808}
  m_PrefabAsset: {fileID: 0}
--- !u!64 &9063022454671181215
MeshCollider:
  m_ObjectHideFlags: 0
  m_CorrespondingSourceObject: {fileID: 0}
  m_PrefabInstance: {fileID: 0}
  m_PrefabAsset: {fileID: 0}
  m_GameObject: {fileID: 824248910481986284}
  m_Material: {fileID: 0}
  m_IncludeLayers:
    serializedVersion: 2
    m_Bits: 0
  m_ExcludeLayers:
    serializedVersion: 2
    m_Bits: 0
  m_LayerOverridePriority: 0
  m_IsTrigger: 0
  m_ProvidesContacts: 0
  m_Enabled: 1
  serializedVersion: 5
  m_Convex: 1
  m_CookingOptions: 30
  m_Mesh: {fileID: -3072740798750806829, guid: 6fddd368a19e24321b2cad802928dad5, type: 3}
--- !u!54 &7297058059501615531
Rigidbody:
  m_ObjectHideFlags: 0
  m_CorrespondingSourceObject: {fileID: 0}
  m_PrefabInstance: {fileID: 0}
  m_PrefabAsset: {fileID: 0}
  m_GameObject: {fileID: 824248910481986284}
  serializedVersion: 4
  m_Mass: 1
  m_Drag: 0
  m_AngularDrag: 0.05
  m_CenterOfMass: {x: 0, y: 0, z: 0}
  m_InertiaTensor: {x: 1, y: 1, z: 1}
  m_InertiaRotation: {x: 0, y: 0, z: 0, w: 1}
  m_IncludeLayers:
    serializedVersion: 2
    m_Bits: 0
  m_ExcludeLayers:
    serializedVersion: 2
    m_Bits: 0
  m_ImplicitCom: 1
  m_ImplicitTensor: 1
  m_UseGravity: 1
  m_IsKinematic: 0
  m_Interpolate: 0
  m_Constraints: 0
  m_CollisionDetection: 0
--- !u!1 &914639157490902570 stripped
GameObject:
  m_CorrespondingSourceObject: {fileID: -6554458113972422046, guid: 6fddd368a19e24321b2cad802928dad5, type: 3}
  m_PrefabInstance: {fileID: 3006311515718900808}
  m_PrefabAsset: {fileID: 0}
--- !u!64 &9207277170275097430
MeshCollider:
  m_ObjectHideFlags: 0
  m_CorrespondingSourceObject: {fileID: 0}
  m_PrefabInstance: {fileID: 0}
  m_PrefabAsset: {fileID: 0}
  m_GameObject: {fileID: 914639157490902570}
  m_Material: {fileID: 0}
  m_IncludeLayers:
    serializedVersion: 2
    m_Bits: 0
  m_ExcludeLayers:
    serializedVersion: 2
    m_Bits: 0
  m_LayerOverridePriority: 0
  m_IsTrigger: 0
  m_ProvidesContacts: 0
  m_Enabled: 1
  serializedVersion: 5
  m_Convex: 1
  m_CookingOptions: 30
  m_Mesh: {fileID: 3823483857004336790, guid: 6fddd368a19e24321b2cad802928dad5, type: 3}
--- !u!54 &9066900623615588283
Rigidbody:
  m_ObjectHideFlags: 0
  m_CorrespondingSourceObject: {fileID: 0}
  m_PrefabInstance: {fileID: 0}
  m_PrefabAsset: {fileID: 0}
  m_GameObject: {fileID: 914639157490902570}
  serializedVersion: 4
  m_Mass: 1
  m_Drag: 0
  m_AngularDrag: 0.05
  m_CenterOfMass: {x: 0, y: 0, z: 0}
  m_InertiaTensor: {x: 1, y: 1, z: 1}
  m_InertiaRotation: {x: 0, y: 0, z: 0, w: 1}
  m_IncludeLayers:
    serializedVersion: 2
    m_Bits: 0
  m_ExcludeLayers:
    serializedVersion: 2
    m_Bits: 0
  m_ImplicitCom: 1
  m_ImplicitTensor: 1
  m_UseGravity: 1
  m_IsKinematic: 0
  m_Interpolate: 0
  m_Constraints: 0
  m_CollisionDetection: 0
--- !u!1 &2150391623993494844 stripped
GameObject:
  m_CorrespondingSourceObject: {fileID: -5445087602156973708, guid: 6fddd368a19e24321b2cad802928dad5, type: 3}
  m_PrefabInstance: {fileID: 3006311515718900808}
  m_PrefabAsset: {fileID: 0}
--- !u!64 &3239876804637686193
MeshCollider:
  m_ObjectHideFlags: 0
  m_CorrespondingSourceObject: {fileID: 0}
  m_PrefabInstance: {fileID: 0}
  m_PrefabAsset: {fileID: 0}
  m_GameObject: {fileID: 2150391623993494844}
  m_Material: {fileID: 0}
  m_IncludeLayers:
    serializedVersion: 2
    m_Bits: 0
  m_ExcludeLayers:
    serializedVersion: 2
    m_Bits: 0
  m_LayerOverridePriority: 0
  m_IsTrigger: 0
  m_ProvidesContacts: 0
  m_Enabled: 1
  serializedVersion: 5
  m_Convex: 1
  m_CookingOptions: 30
  m_Mesh: {fileID: 8620398753511463828, guid: 6fddd368a19e24321b2cad802928dad5, type: 3}
--- !u!54 &2980220865686826067
Rigidbody:
  m_ObjectHideFlags: 0
  m_CorrespondingSourceObject: {fileID: 0}
  m_PrefabInstance: {fileID: 0}
  m_PrefabAsset: {fileID: 0}
  m_GameObject: {fileID: 2150391623993494844}
  serializedVersion: 4
  m_Mass: 1
  m_Drag: 0
  m_AngularDrag: 0.05
  m_CenterOfMass: {x: 0, y: 0, z: 0}
  m_InertiaTensor: {x: 1, y: 1, z: 1}
  m_InertiaRotation: {x: 0, y: 0, z: 0, w: 1}
  m_IncludeLayers:
    serializedVersion: 2
    m_Bits: 0
  m_ExcludeLayers:
    serializedVersion: 2
    m_Bits: 0
  m_ImplicitCom: 1
  m_ImplicitTensor: 1
  m_UseGravity: 1
  m_IsKinematic: 0
  m_Interpolate: 0
  m_Constraints: 0
  m_CollisionDetection: 0
--- !u!1 &2957033670792777171 stripped
GameObject:
  m_CorrespondingSourceObject: {fileID: -9173289205522083429, guid: 6fddd368a19e24321b2cad802928dad5, type: 3}
  m_PrefabInstance: {fileID: 3006311515718900808}
  m_PrefabAsset: {fileID: 0}
--- !u!64 &8767967866846336344
MeshCollider:
  m_ObjectHideFlags: 0
  m_CorrespondingSourceObject: {fileID: 0}
  m_PrefabInstance: {fileID: 0}
  m_PrefabAsset: {fileID: 0}
  m_GameObject: {fileID: 2957033670792777171}
  m_Material: {fileID: 0}
  m_IncludeLayers:
    serializedVersion: 2
    m_Bits: 0
  m_ExcludeLayers:
    serializedVersion: 2
    m_Bits: 0
  m_LayerOverridePriority: 0
  m_IsTrigger: 0
  m_ProvidesContacts: 0
  m_Enabled: 1
  serializedVersion: 5
  m_Convex: 1
  m_CookingOptions: 30
  m_Mesh: {fileID: 2201873161937416814, guid: 6fddd368a19e24321b2cad802928dad5, type: 3}
--- !u!54 &1337423667732186018
Rigidbody:
  m_ObjectHideFlags: 0
  m_CorrespondingSourceObject: {fileID: 0}
  m_PrefabInstance: {fileID: 0}
  m_PrefabAsset: {fileID: 0}
  m_GameObject: {fileID: 2957033670792777171}
  serializedVersion: 4
  m_Mass: 1
  m_Drag: 0
  m_AngularDrag: 0.05
  m_CenterOfMass: {x: 0, y: 0, z: 0}
  m_InertiaTensor: {x: 1, y: 1, z: 1}
  m_InertiaRotation: {x: 0, y: 0, z: 0, w: 1}
  m_IncludeLayers:
    serializedVersion: 2
    m_Bits: 0
  m_ExcludeLayers:
    serializedVersion: 2
    m_Bits: 0
  m_ImplicitCom: 1
  m_ImplicitTensor: 1
  m_UseGravity: 1
  m_IsKinematic: 0
  m_Interpolate: 0
  m_Constraints: 0
  m_CollisionDetection: 0
--- !u!4 &3328768258779790243 stripped
Transform:
  m_CorrespondingSourceObject: {fileID: -8679921383154817045, guid: 6fddd368a19e24321b2cad802928dad5, type: 3}
  m_PrefabInstance: {fileID: 3006311515718900808}
  m_PrefabAsset: {fileID: 0}
--- !u!1 &3448237354312144070 stripped
GameObject:
  m_CorrespondingSourceObject: {fileID: 459941105309665422, guid: 6fddd368a19e24321b2cad802928dad5, type: 3}
  m_PrefabInstance: {fileID: 3006311515718900808}
  m_PrefabAsset: {fileID: 0}
--- !u!64 &747767520538843703
MeshCollider:
  m_ObjectHideFlags: 0
  m_CorrespondingSourceObject: {fileID: 0}
  m_PrefabInstance: {fileID: 0}
  m_PrefabAsset: {fileID: 0}
  m_GameObject: {fileID: 3448237354312144070}
  m_Material: {fileID: 0}
  m_IncludeLayers:
    serializedVersion: 2
    m_Bits: 0
  m_ExcludeLayers:
    serializedVersion: 2
    m_Bits: 0
  m_LayerOverridePriority: 0
  m_IsTrigger: 0
  m_ProvidesContacts: 0
  m_Enabled: 1
  serializedVersion: 5
  m_Convex: 1
  m_CookingOptions: 30
  m_Mesh: {fileID: 1445250117763098726, guid: 6fddd368a19e24321b2cad802928dad5, type: 3}
--- !u!54 &6598964643607601753
Rigidbody:
  m_ObjectHideFlags: 0
  m_CorrespondingSourceObject: {fileID: 0}
  m_PrefabInstance: {fileID: 0}
  m_PrefabAsset: {fileID: 0}
  m_GameObject: {fileID: 3448237354312144070}
  serializedVersion: 4
  m_Mass: 1
  m_Drag: 0
  m_AngularDrag: 0.05
  m_CenterOfMass: {x: 0, y: 0, z: 0}
  m_InertiaTensor: {x: 1, y: 1, z: 1}
  m_InertiaRotation: {x: 0, y: 0, z: 0, w: 1}
  m_IncludeLayers:
    serializedVersion: 2
    m_Bits: 0
  m_ExcludeLayers:
    serializedVersion: 2
    m_Bits: 0
  m_ImplicitCom: 1
  m_ImplicitTensor: 1
  m_UseGravity: 1
  m_IsKinematic: 0
  m_Interpolate: 0
  m_Constraints: 0
  m_CollisionDetection: 0
--- !u!1 &3653904498925986873 stripped
GameObject:
  m_CorrespondingSourceObject: {fileID: 1949450254104934513, guid: 6fddd368a19e24321b2cad802928dad5, type: 3}
  m_PrefabInstance: {fileID: 3006311515718900808}
  m_PrefabAsset: {fileID: 0}
--- !u!64 &5790554710882645228
MeshCollider:
  m_ObjectHideFlags: 0
  m_CorrespondingSourceObject: {fileID: 0}
  m_PrefabInstance: {fileID: 0}
  m_PrefabAsset: {fileID: 0}
  m_GameObject: {fileID: 3653904498925986873}
  m_Material: {fileID: 0}
  m_IncludeLayers:
    serializedVersion: 2
    m_Bits: 0
  m_ExcludeLayers:
    serializedVersion: 2
    m_Bits: 0
  m_LayerOverridePriority: 0
  m_IsTrigger: 0
  m_ProvidesContacts: 0
  m_Enabled: 1
  serializedVersion: 5
  m_Convex: 1
  m_CookingOptions: 30
  m_Mesh: {fileID: -3603866751622476104, guid: 6fddd368a19e24321b2cad802928dad5, type: 3}
--- !u!54 &4659926405634194983
Rigidbody:
  m_ObjectHideFlags: 0
  m_CorrespondingSourceObject: {fileID: 0}
  m_PrefabInstance: {fileID: 0}
  m_PrefabAsset: {fileID: 0}
  m_GameObject: {fileID: 3653904498925986873}
  serializedVersion: 4
  m_Mass: 1
  m_Drag: 0
  m_AngularDrag: 0.05
  m_CenterOfMass: {x: 0, y: 0, z: 0}
  m_InertiaTensor: {x: 1, y: 1, z: 1}
  m_InertiaRotation: {x: 0, y: 0, z: 0, w: 1}
  m_IncludeLayers:
    serializedVersion: 2
    m_Bits: 0
  m_ExcludeLayers:
    serializedVersion: 2
    m_Bits: 0
  m_ImplicitCom: 1
  m_ImplicitTensor: 1
  m_UseGravity: 1
  m_IsKinematic: 0
  m_Interpolate: 0
  m_Constraints: 0
  m_CollisionDetection: 0
--- !u!1 &4647592481537060993 stripped
GameObject:
  m_CorrespondingSourceObject: {fileID: 7622061829851557065, guid: 6fddd368a19e24321b2cad802928dad5, type: 3}
  m_PrefabInstance: {fileID: 3006311515718900808}
  m_PrefabAsset: {fileID: 0}
--- !u!64 &358820642773540290
MeshCollider:
  m_ObjectHideFlags: 0
  m_CorrespondingSourceObject: {fileID: 0}
  m_PrefabInstance: {fileID: 0}
  m_PrefabAsset: {fileID: 0}
  m_GameObject: {fileID: 4647592481537060993}
  m_Material: {fileID: 0}
  m_IncludeLayers:
    serializedVersion: 2
    m_Bits: 0
  m_ExcludeLayers:
    serializedVersion: 2
    m_Bits: 0
  m_LayerOverridePriority: 0
  m_IsTrigger: 0
  m_ProvidesContacts: 0
  m_Enabled: 1
  serializedVersion: 5
  m_Convex: 1
  m_CookingOptions: 30
  m_Mesh: {fileID: -7125374532447266909, guid: 6fddd368a19e24321b2cad802928dad5, type: 3}
--- !u!54 &3433774670588756994
Rigidbody:
  m_ObjectHideFlags: 0
  m_CorrespondingSourceObject: {fileID: 0}
  m_PrefabInstance: {fileID: 0}
  m_PrefabAsset: {fileID: 0}
  m_GameObject: {fileID: 4647592481537060993}
  serializedVersion: 4
  m_Mass: 1
  m_Drag: 0
  m_AngularDrag: 0.05
  m_CenterOfMass: {x: 0, y: 0, z: 0}
  m_InertiaTensor: {x: 1, y: 1, z: 1}
  m_InertiaRotation: {x: 0, y: 0, z: 0, w: 1}
  m_IncludeLayers:
    serializedVersion: 2
    m_Bits: 0
  m_ExcludeLayers:
    serializedVersion: 2
    m_Bits: 0
  m_ImplicitCom: 1
  m_ImplicitTensor: 1
  m_UseGravity: 1
  m_IsKinematic: 0
  m_Interpolate: 0
  m_Constraints: 0
  m_CollisionDetection: 0
--- !u!1 &5869345537509117586 stripped
GameObject:
  m_CorrespondingSourceObject: {fileID: 8704484798943859418, guid: 6fddd368a19e24321b2cad802928dad5, type: 3}
  m_PrefabInstance: {fileID: 3006311515718900808}
  m_PrefabAsset: {fileID: 0}
--- !u!64 &5357555058481262239
MeshCollider:
  m_ObjectHideFlags: 0
  m_CorrespondingSourceObject: {fileID: 0}
  m_PrefabInstance: {fileID: 0}
  m_PrefabAsset: {fileID: 0}
  m_GameObject: {fileID: 5869345537509117586}
  m_Material: {fileID: 0}
  m_IncludeLayers:
    serializedVersion: 2
    m_Bits: 0
  m_ExcludeLayers:
    serializedVersion: 2
    m_Bits: 0
  m_LayerOverridePriority: 0
  m_IsTrigger: 0
  m_ProvidesContacts: 0
  m_Enabled: 1
  serializedVersion: 5
  m_Convex: 1
  m_CookingOptions: 30
  m_Mesh: {fileID: -1380893565745363673, guid: 6fddd368a19e24321b2cad802928dad5, type: 3}
--- !u!54 &2512418416097221048
Rigidbody:
  m_ObjectHideFlags: 0
  m_CorrespondingSourceObject: {fileID: 0}
  m_PrefabInstance: {fileID: 0}
  m_PrefabAsset: {fileID: 0}
  m_GameObject: {fileID: 5869345537509117586}
  serializedVersion: 4
  m_Mass: 1
  m_Drag: 0
  m_AngularDrag: 0.05
  m_CenterOfMass: {x: 0, y: 0, z: 0}
  m_InertiaTensor: {x: 1, y: 1, z: 1}
  m_InertiaRotation: {x: 0, y: 0, z: 0, w: 1}
  m_IncludeLayers:
    serializedVersion: 2
    m_Bits: 0
  m_ExcludeLayers:
    serializedVersion: 2
    m_Bits: 0
  m_ImplicitCom: 1
  m_ImplicitTensor: 1
  m_UseGravity: 1
  m_IsKinematic: 0
  m_Interpolate: 0
  m_Constraints: 0
  m_CollisionDetection: 0
--- !u!1 &6356788025519046839 stripped
GameObject:
  m_CorrespondingSourceObject: {fileID: -1040532300572238593, guid: 6fddd368a19e24321b2cad802928dad5, type: 3}
  m_PrefabInstance: {fileID: 3006311515718900808}
  m_PrefabAsset: {fileID: 0}
--- !u!64 &7810684054462678914
MeshCollider:
  m_ObjectHideFlags: 0
  m_CorrespondingSourceObject: {fileID: 0}
  m_PrefabInstance: {fileID: 0}
  m_PrefabAsset: {fileID: 0}
  m_GameObject: {fileID: 6356788025519046839}
  m_Material: {fileID: 0}
  m_IncludeLayers:
    serializedVersion: 2
    m_Bits: 0
  m_ExcludeLayers:
    serializedVersion: 2
    m_Bits: 0
  m_LayerOverridePriority: 0
  m_IsTrigger: 0
  m_ProvidesContacts: 0
  m_Enabled: 1
  serializedVersion: 5
  m_Convex: 1
  m_CookingOptions: 30
  m_Mesh: {fileID: 3922789434771098604, guid: 6fddd368a19e24321b2cad802928dad5, type: 3}
--- !u!54 &3329741556535616954
Rigidbody:
  m_ObjectHideFlags: 0
  m_CorrespondingSourceObject: {fileID: 0}
  m_PrefabInstance: {fileID: 0}
  m_PrefabAsset: {fileID: 0}
  m_GameObject: {fileID: 6356788025519046839}
  serializedVersion: 4
  m_Mass: 1
  m_Drag: 0
  m_AngularDrag: 0.05
  m_CenterOfMass: {x: 0, y: 0, z: 0}
  m_InertiaTensor: {x: 1, y: 1, z: 1}
  m_InertiaRotation: {x: 0, y: 0, z: 0, w: 1}
  m_IncludeLayers:
    serializedVersion: 2
    m_Bits: 0
  m_ExcludeLayers:
    serializedVersion: 2
    m_Bits: 0
  m_ImplicitCom: 1
  m_ImplicitTensor: 1
  m_UseGravity: 1
  m_IsKinematic: 0
  m_Interpolate: 0
  m_Constraints: 0
  m_CollisionDetection: 0
--- !u!1 &6596122399401393874 stripped
GameObject:
  m_CorrespondingSourceObject: {fileID: -994536601662627174, guid: 6fddd368a19e24321b2cad802928dad5, type: 3}
  m_PrefabInstance: {fileID: 3006311515718900808}
  m_PrefabAsset: {fileID: 0}
--- !u!64 &7336050015884707305
MeshCollider:
  m_ObjectHideFlags: 0
  m_CorrespondingSourceObject: {fileID: 0}
  m_PrefabInstance: {fileID: 0}
  m_PrefabAsset: {fileID: 0}
  m_GameObject: {fileID: 6596122399401393874}
  m_Material: {fileID: 0}
  m_IncludeLayers:
    serializedVersion: 2
    m_Bits: 0
  m_ExcludeLayers:
    serializedVersion: 2
    m_Bits: 0
  m_LayerOverridePriority: 0
  m_IsTrigger: 0
  m_ProvidesContacts: 0
  m_Enabled: 1
  serializedVersion: 5
  m_Convex: 1
  m_CookingOptions: 30
  m_Mesh: {fileID: -3332831189891852644, guid: 6fddd368a19e24321b2cad802928dad5, type: 3}
--- !u!54 &414711155837177975
Rigidbody:
  m_ObjectHideFlags: 0
  m_CorrespondingSourceObject: {fileID: 0}
  m_PrefabInstance: {fileID: 0}
  m_PrefabAsset: {fileID: 0}
  m_GameObject: {fileID: 6596122399401393874}
  serializedVersion: 4
  m_Mass: 1
  m_Drag: 0
  m_AngularDrag: 0.05
  m_CenterOfMass: {x: 0, y: 0, z: 0}
  m_InertiaTensor: {x: 1, y: 1, z: 1}
  m_InertiaRotation: {x: 0, y: 0, z: 0, w: 1}
  m_IncludeLayers:
    serializedVersion: 2
    m_Bits: 0
  m_ExcludeLayers:
    serializedVersion: 2
    m_Bits: 0
  m_ImplicitCom: 1
  m_ImplicitTensor: 1
  m_UseGravity: 1
  m_IsKinematic: 0
  m_Interpolate: 0
  m_Constraints: 0
  m_CollisionDetection: 0
--- !u!1 &8533480852131040037 stripped
GameObject:
  m_CorrespondingSourceObject: {fileID: -2317783729880623251, guid: 6fddd368a19e24321b2cad802928dad5, type: 3}
  m_PrefabInstance: {fileID: 3006311515718900808}
  m_PrefabAsset: {fileID: 0}
--- !u!64 &862123336060212272
MeshCollider:
  m_ObjectHideFlags: 0
  m_CorrespondingSourceObject: {fileID: 0}
  m_PrefabInstance: {fileID: 0}
  m_PrefabAsset: {fileID: 0}
  m_GameObject: {fileID: 8533480852131040037}
  m_Material: {fileID: 0}
  m_IncludeLayers:
    serializedVersion: 2
    m_Bits: 0
  m_ExcludeLayers:
    serializedVersion: 2
    m_Bits: 0
  m_LayerOverridePriority: 0
  m_IsTrigger: 0
  m_ProvidesContacts: 0
  m_Enabled: 1
  serializedVersion: 5
  m_Convex: 1
  m_CookingOptions: 30
  m_Mesh: {fileID: 6350978609504914782, guid: 6fddd368a19e24321b2cad802928dad5, type: 3}
--- !u!54 &4374299558410458332
Rigidbody:
  m_ObjectHideFlags: 0
  m_CorrespondingSourceObject: {fileID: 0}
  m_PrefabInstance: {fileID: 0}
  m_PrefabAsset: {fileID: 0}
  m_GameObject: {fileID: 8533480852131040037}
  serializedVersion: 4
  m_Mass: 1
  m_Drag: 0
  m_AngularDrag: 0.05
  m_CenterOfMass: {x: 0, y: 0, z: 0}
  m_InertiaTensor: {x: 1, y: 1, z: 1}
  m_InertiaRotation: {x: 0, y: 0, z: 0, w: 1}
  m_IncludeLayers:
    serializedVersion: 2
    m_Bits: 0
  m_ExcludeLayers:
    serializedVersion: 2
    m_Bits: 0
  m_ImplicitCom: 1
  m_ImplicitTensor: 1
  m_UseGravity: 1
  m_IsKinematic: 0
  m_Interpolate: 0
  m_Constraints: 0
  m_CollisionDetection: 0
--- !u!1 &9211055841123905308 stripped
GameObject:
  m_CorrespondingSourceObject: {fileID: -2995828229661691052, guid: 6fddd368a19e24321b2cad802928dad5, type: 3}
  m_PrefabInstance: {fileID: 3006311515718900808}
  m_PrefabAsset: {fileID: 0}
--- !u!64 &8279464377738181174
MeshCollider:
  m_ObjectHideFlags: 0
  m_CorrespondingSourceObject: {fileID: 0}
  m_PrefabInstance: {fileID: 0}
  m_PrefabAsset: {fileID: 0}
  m_GameObject: {fileID: 9211055841123905308}
  m_Material: {fileID: 0}
  m_IncludeLayers:
    serializedVersion: 2
    m_Bits: 0
  m_ExcludeLayers:
    serializedVersion: 2
    m_Bits: 0
  m_LayerOverridePriority: 0
  m_IsTrigger: 0
  m_ProvidesContacts: 0
  m_Enabled: 1
  serializedVersion: 5
  m_Convex: 1
  m_CookingOptions: 30
  m_Mesh: {fileID: -2748122039205728653, guid: 6fddd368a19e24321b2cad802928dad5, type: 3}
--- !u!54 &7435873955758015020
Rigidbody:
  m_ObjectHideFlags: 0
  m_CorrespondingSourceObject: {fileID: 0}
  m_PrefabInstance: {fileID: 0}
  m_PrefabAsset: {fileID: 0}
  m_GameObject: {fileID: 9211055841123905308}
  serializedVersion: 4
  m_Mass: 1
  m_Drag: 0
  m_AngularDrag: 0.05
  m_CenterOfMass: {x: 0, y: 0, z: 0}
  m_InertiaTensor: {x: 1, y: 1, z: 1}
  m_InertiaRotation: {x: 0, y: 0, z: 0, w: 1}
  m_IncludeLayers:
    serializedVersion: 2
    m_Bits: 0
  m_ExcludeLayers:
    serializedVersion: 2
    m_Bits: 0
  m_ImplicitCom: 1
  m_ImplicitTensor: 1
  m_UseGravity: 1
  m_IsKinematic: 0
  m_Interpolate: 0
  m_Constraints: 0
  m_CollisionDetection: 0
