%YAML 1.1
%TAG !u! tag:unity3d.com,2011:
--- !u!1 &2449454567101688623
GameObject:
  m_ObjectHideFlags: 0
  m_CorrespondingSourceObject: {fileID: 0}
  m_PrefabInstance: {fileID: 0}
  m_PrefabAsset: {fileID: 0}
  serializedVersion: 6
  m_Component:
  - component: {fileID: 2951428690086010519}
  m_Layer: 0
  m_Name: WaterCooler_SplitUp
  m_TagString: Untagged
  m_Icon: {fileID: 0}
  m_NavMeshLayer: 0
  m_StaticEditorFlags: 0
  m_IsActive: 1
--- !u!4 &2951428690086010519
Transform:
  m_ObjectHideFlags: 0
  m_CorrespondingSourceObject: {fileID: 0}
  m_PrefabInstance: {fileID: 0}
  m_PrefabAsset: {fileID: 0}
  m_GameObject: {fileID: 2449454567101688623}
  serializedVersion: 2
  m_LocalRotation: {x: 0, y: 0, z: 0, w: 1}
  m_LocalPosition: {x: 0, y: 0, z: 0}
  m_LocalScale: {x: 27.770105, y: 27.770105, z: 27.770105}
  m_ConstrainProportionsScale: 0
  m_Children:
  - {fileID: 4893283654214134640}
  - {fileID: 3675061489698863233}
  m_Father: {fileID: 0}
  m_LocalEulerAnglesHint: {x: 0, y: 0, z: 0}
--- !u!1001 &3786060028676054890
PrefabInstance:
  m_ObjectHideFlags: 0
  serializedVersion: 2
  m_Modification:
    serializedVersion: 3
    m_TransformParent: {fileID: 2951428690086010519}
    m_Modifications:
    - target: {fileID: -8679921383154817045, guid: 848cc40a0a4148c449d34b9187bac332, type: 3}
      propertyPath: m_LocalPosition.x
      value: 0
      objectReference: {fileID: 0}
    - target: {fileID: -8679921383154817045, guid: 848cc40a0a4148c449d34b9187bac332, type: 3}
      propertyPath: m_LocalPosition.y
      value: 0
      objectReference: {fileID: 0}
    - target: {fileID: -8679921383154817045, guid: 848cc40a0a4148c449d34b9187bac332, type: 3}
      propertyPath: m_LocalPosition.z
      value: 0
      objectReference: {fileID: 0}
    - target: {fileID: -8679921383154817045, guid: 848cc40a0a4148c449d34b9187bac332, type: 3}
      propertyPath: m_LocalRotation.w
      value: 1
      objectReference: {fileID: 0}
    - target: {fileID: -8679921383154817045, guid: 848cc40a0a4148c449d34b9187bac332, type: 3}
      propertyPath: m_LocalRotation.x
      value: 0.00000008146034
      objectReference: {fileID: 0}
    - target: {fileID: -8679921383154817045, guid: 848cc40a0a4148c449d34b9187bac332, type: 3}
      propertyPath: m_LocalRotation.y
      value: -0.000000021855698
      objectReference: {fileID: 0}
    - target: {fileID: -8679921383154817045, guid: 848cc40a0a4148c449d34b9187bac332, type: 3}
      propertyPath: m_LocalRotation.z
      value: -0.000000029802317
      objectReference: {fileID: 0}
    - target: {fileID: -8679921383154817045, guid: 848cc40a0a4148c449d34b9187bac332, type: 3}
      propertyPath: m_LocalEulerAnglesHint.x
      value: 0
      objectReference: {fileID: 0}
    - target: {fileID: -8679921383154817045, guid: 848cc40a0a4148c449d34b9187bac332, type: 3}
      propertyPath: m_LocalEulerAnglesHint.y
      value: 0
      objectReference: {fileID: 0}
    - target: {fileID: -8679921383154817045, guid: 848cc40a0a4148c449d34b9187bac332, type: 3}
      propertyPath: m_LocalEulerAnglesHint.z
      value: 0
      objectReference: {fileID: 0}
    - target: {fileID: 919132149155446097, guid: 848cc40a0a4148c449d34b9187bac332, type: 3}
      propertyPath: m_Name
      value: waterCooler_top
      objectReference: {fileID: 0}
    m_RemovedComponents: []
    m_RemovedGameObjects: []
    m_AddedGameObjects: []
    m_AddedComponents:
    - targetCorrespondingSourceObject: {fileID: 919132149155446097, guid: 848cc40a0a4148c449d34b9187bac332, type: 3}
      insertIndex: -1
      addedObject: {fileID: 4987243635474518431}
    - targetCorrespondingSourceObject: {fileID: 919132149155446097, guid: 848cc40a0a4148c449d34b9187bac332, type: 3}
      insertIndex: -1
      addedObject: {fileID: 4669457151259234611}
    - targetCorrespondingSourceObject: {fileID: 919132149155446097, guid: 848cc40a0a4148c449d34b9187bac332, type: 3}
      insertIndex: -1
      addedObject: {fileID: 2660404755866566890}
  m_SourcePrefab: {fileID: 100100000, guid: 848cc40a0a4148c449d34b9187bac332, type: 3}
--- !u!4 &3675061489698863233 stripped
Transform:
  m_CorrespondingSourceObject: {fileID: -8679921383154817045, guid: 848cc40a0a4148c449d34b9187bac332, type: 3}
  m_PrefabInstance: {fileID: 3786060028676054890}
  m_PrefabAsset: {fileID: 0}
--- !u!1 &4056512191468642875 stripped
GameObject:
  m_CorrespondingSourceObject: {fileID: 919132149155446097, guid: 848cc40a0a4148c449d34b9187bac332, type: 3}
  m_PrefabInstance: {fileID: 3786060028676054890}
  m_PrefabAsset: {fileID: 0}
--- !u!65 &4987243635474518431
BoxCollider:
  m_ObjectHideFlags: 0
  m_CorrespondingSourceObject: {fileID: 0}
  m_PrefabInstance: {fileID: 0}
  m_PrefabAsset: {fileID: 0}
  m_GameObject: {fileID: 4056512191468642875}
  m_Material: {fileID: 0}
  m_IncludeLayers:
    serializedVersion: 2
    m_Bits: 0
  m_ExcludeLayers:
    serializedVersion: 2
    m_Bits: 0
  m_LayerOverridePriority: 0
  m_IsTrigger: 0
  m_ProvidesContacts: 0
  m_Enabled: 1
  serializedVersion: 3
  m_Size: {x: 0.1507903, y: 0.22351691, z: 0.1507903}
  m_Center: {x: 5.3304385e-15, y: 0.4779809, z: 8.120231e-15}
--- !u!54 &4669457151259234611
Rigidbody:
  m_ObjectHideFlags: 0
  m_CorrespondingSourceObject: {fileID: 0}
  m_PrefabInstance: {fileID: 0}
  m_PrefabAsset: {fileID: 0}
  m_GameObject: {fileID: 4056512191468642875}
  serializedVersion: 4
  m_Mass: 3
  m_Drag: 0
  m_AngularDrag: 0.05
  m_CenterOfMass: {x: 0, y: 0, z: 0}
  m_InertiaTensor: {x: 1, y: 1, z: 1}
  m_InertiaRotation: {x: 0, y: 0, z: 0, w: 1}
  m_IncludeLayers:
    serializedVersion: 2
    m_Bits: 0
  m_ExcludeLayers:
    serializedVersion: 2
    m_Bits: 0
  m_ImplicitCom: 1
  m_ImplicitTensor: 1
  m_UseGravity: 1
  m_IsKinematic: 0
  m_Interpolate: 0
  m_Constraints: 0
  m_CollisionDetection: 0
--- !u!114 &2660404755866566890
MonoBehaviour:
  m_ObjectHideFlags: 0
  m_CorrespondingSourceObject: {fileID: 0}
  m_PrefabInstance: {fileID: 0}
  m_PrefabAsset: {fileID: 0}
  m_GameObject: {fileID: 4056512191468642875}
  m_Enabled: 1
  m_EditorHideFlags: 0
  m_Script: {fileID: 11500000, guid: 2aa16ba2a56f0554ab10963d5cf1b756, type: 3}
  m_Name: 
  m_EditorClassIdentifier: 
  pointMultiplier: 1
  minDistance: 0.1
  maxPoints: 100
  minSettleSpeed: 0.1
  settleTime: 1
  currentTime: 0
  currentPoints: 0
  doneMoving: 0
  firstForceMultiplier: 1
--- !u!1001 &4927737284483468443
PrefabInstance:
  m_ObjectHideFlags: 0
  serializedVersion: 2
  m_Modification:
    serializedVersion: 3
    m_TransformParent: {fileID: 2951428690086010519}
    m_Modifications:
    - target: {fileID: -8679921383154817045, guid: 5e0d064dc108d8a42ab22349598a4eb8, type: 3}
      propertyPath: m_LocalPosition.x
      value: 0
      objectReference: {fileID: 0}
    - target: {fileID: -8679921383154817045, guid: 5e0d064dc108d8a42ab22349598a4eb8, type: 3}
      propertyPath: m_LocalPosition.y
      value: 0
      objectReference: {fileID: 0}
    - target: {fileID: -8679921383154817045, guid: 5e0d064dc108d8a42ab22349598a4eb8, type: 3}
      propertyPath: m_LocalPosition.z
      value: 0
      objectReference: {fileID: 0}
    - target: {fileID: -8679921383154817045, guid: 5e0d064dc108d8a42ab22349598a4eb8, type: 3}
      propertyPath: m_LocalRotation.w
      value: 1
      objectReference: {fileID: 0}
    - target: {fileID: -8679921383154817045, guid: 5e0d064dc108d8a42ab22349598a4eb8, type: 3}
      propertyPath: m_LocalRotation.x
      value: 0.00000008146034
      objectReference: {fileID: 0}
    - target: {fileID: -8679921383154817045, guid: 5e0d064dc108d8a42ab22349598a4eb8, type: 3}
      propertyPath: m_LocalRotation.y
      value: -0.000000021855698
      objectReference: {fileID: 0}
    - target: {fileID: -8679921383154817045, guid: 5e0d064dc108d8a42ab22349598a4eb8, type: 3}
      propertyPath: m_LocalRotation.z
      value: -0.000000029802317
      objectReference: {fileID: 0}
    - target: {fileID: -8679921383154817045, guid: 5e0d064dc108d8a42ab22349598a4eb8, type: 3}
      propertyPath: m_LocalEulerAnglesHint.x
      value: 0
      objectReference: {fileID: 0}
    - target: {fileID: -8679921383154817045, guid: 5e0d064dc108d8a42ab22349598a4eb8, type: 3}
      propertyPath: m_LocalEulerAnglesHint.y
      value: 0
      objectReference: {fileID: 0}
    - target: {fileID: -8679921383154817045, guid: 5e0d064dc108d8a42ab22349598a4eb8, type: 3}
      propertyPath: m_LocalEulerAnglesHint.z
      value: 0
      objectReference: {fileID: 0}
    - target: {fileID: 919132149155446097, guid: 5e0d064dc108d8a42ab22349598a4eb8, type: 3}
      propertyPath: m_Name
      value: waterCooler_bottom
      objectReference: {fileID: 0}
    m_RemovedComponents: []
    m_RemovedGameObjects: []
    m_AddedGameObjects: []
    m_AddedComponents:
    - targetCorrespondingSourceObject: {fileID: 919132149155446097, guid: 5e0d064dc108d8a42ab22349598a4eb8, type: 3}
      insertIndex: -1
      addedObject: {fileID: 6025238186413635688}
    - targetCorrespondingSourceObject: {fileID: 919132149155446097, guid: 5e0d064dc108d8a42ab22349598a4eb8, type: 3}
      insertIndex: -1
      addedObject: {fileID: 1548149231200925414}
    - targetCorrespondingSourceObject: {fileID: 919132149155446097, guid: 5e0d064dc108d8a42ab22349598a4eb8, type: 3}
      insertIndex: -1
      addedObject: {fileID: 8744860304132037695}
  m_SourcePrefab: {fileID: 100100000, guid: 5e0d064dc108d8a42ab22349598a4eb8, type: 3}
--- !u!4 &4893283654214134640 stripped
Transform:
  m_CorrespondingSourceObject: {fileID: -8679921383154817045, guid: 5e0d064dc108d8a42ab22349598a4eb8, type: 3}
  m_PrefabInstance: {fileID: 4927737284483468443}
  m_PrefabAsset: {fileID: 0}
--- !u!1 &5234237346028253642 stripped
GameObject:
  m_CorrespondingSourceObject: {fileID: 919132149155446097, guid: 5e0d064dc108d8a42ab22349598a4eb8, type: 3}
  m_PrefabInstance: {fileID: 4927737284483468443}
  m_PrefabAsset: {fileID: 0}
--- !u!65 &6025238186413635688
BoxCollider:
  m_ObjectHideFlags: 0
  m_CorrespondingSourceObject: {fileID: 0}
  m_PrefabInstance: {fileID: 0}
  m_PrefabAsset: {fileID: 0}
  m_GameObject: {fileID: 5234237346028253642}
  m_Material: {fileID: 0}
  m_IncludeLayers:
    serializedVersion: 2
    m_Bits: 0
  m_ExcludeLayers:
    serializedVersion: 2
    m_Bits: 0
  m_LayerOverridePriority: 0
  m_IsTrigger: 0
  m_ProvidesContacts: 0
  m_Enabled: 1
  serializedVersion: 3
  m_Size: {x: 0.15873802, y: 0.36180553, z: 0.1525848}
  m_Center: {x: -3.5146643e-11, y: 0.18349236, z: -0.0027249586}
--- !u!54 &1548149231200925414
Rigidbody:
  m_ObjectHideFlags: 0
  m_CorrespondingSourceObject: {fileID: 0}
  m_PrefabInstance: {fileID: 0}
  m_PrefabAsset: {fileID: 0}
  m_GameObject: {fileID: 5234237346028253642}
  serializedVersion: 4
  m_Mass: 6
  m_Drag: 0
  m_AngularDrag: 0.05
  m_CenterOfMass: {x: 0, y: 0, z: 0}
  m_InertiaTensor: {x: 1, y: 1, z: 1}
  m_InertiaRotation: {x: 0, y: 0, z: 0, w: 1}
  m_IncludeLayers:
    serializedVersion: 2
    m_Bits: 0
  m_ExcludeLayers:
    serializedVersion: 2
    m_Bits: 0
  m_ImplicitCom: 1
  m_ImplicitTensor: 1
  m_UseGravity: 1
  m_IsKinematic: 0
  m_Interpolate: 0
  m_Constraints: 0
  m_CollisionDetection: 0
--- !u!114 &8744860304132037695
MonoBehaviour:
  m_ObjectHideFlags: 0
  m_CorrespondingSourceObject: {fileID: 0}
  m_PrefabInstance: {fileID: 0}
  m_PrefabAsset: {fileID: 0}
  m_GameObject: {fileID: 5234237346028253642}
  m_Enabled: 1
  m_EditorHideFlags: 0
  m_Script: {fileID: 11500000, guid: 2aa16ba2a56f0554ab10963d5cf1b756, type: 3}
  m_Name: 
  m_EditorClassIdentifier: 
  pointMultiplier: 1
  minDistance: 0.1
  maxPoints: 100
  minSettleSpeed: 0.1
  settleTime: 1
  currentTime: 0
  currentPoints: 0
  doneMoving: 0
  firstForceMultiplier: 1
