%YAML 1.1
%TAG !u! tag:unity3d.com,2011:
--- !u!1 &7227545281447094135
GameObject:
  m_ObjectHideFlags: 0
  m_CorrespondingSourceObject: {fileID: 0}
  m_PrefabInstance: {fileID: 0}
  m_PrefabAsset: {fileID: 0}
  serializedVersion: 6
  m_Component:
  - component: {fileID: 540308985629378123}
  - component: {fileID: 7644606082376095056}
  - component: {fileID: 6400863920772836573}
  - component: {fileID: 5748674533969482362}
  - component: {fileID: 2145010321209900388}
  - component: {fileID: 5717487222200374725}
  - component: {fileID: 4483120199427263662}
  - component: {fileID: 1669759416287046346}
  - component: {fileID: 2551095577472397271}
  m_Layer: 6
  m_Name: NewPlayer
  m_TagString: Player
  m_Icon: {fileID: 0}
  m_NavMeshLayer: 0
  m_StaticEditorFlags: 0
  m_IsActive: 1
--- !u!4 &540308985629378123
Transform:
  m_ObjectHideFlags: 0
  m_CorrespondingSourceObject: {fileID: 0}
  m_PrefabInstance: {fileID: 0}
  m_PrefabAsset: {fileID: 0}
  m_GameObject: {fileID: 7227545281447094135}
  serializedVersion: 2
  m_LocalRotation: {x: 0, y: 0, z: 0, w: 1}
  m_LocalPosition: {x: 0, y: 0, z: 0}
  m_LocalScale: {x: 2, y: 2, z: 2}
  m_ConstrainProportionsScale: 1
  m_Children:
  - {fileID: 2079835065229516947}
  m_Father: {fileID: 0}
  m_LocalEulerAnglesHint: {x: 0, y: 0, z: 0}
--- !u!33 &7644606082376095056
MeshFilter:
  m_ObjectHideFlags: 0
  m_CorrespondingSourceObject: {fileID: 0}
  m_PrefabInstance: {fileID: 0}
  m_PrefabAsset: {fileID: 0}
  m_GameObject: {fileID: 7227545281447094135}
  m_Mesh: {fileID: 10207, guid: 0000000000000000e000000000000000, type: 0}
--- !u!23 &6400863920772836573
MeshRenderer:
  m_ObjectHideFlags: 0
  m_CorrespondingSourceObject: {fileID: 0}
  m_PrefabInstance: {fileID: 0}
  m_PrefabAsset: {fileID: 0}
  m_GameObject: {fileID: 7227545281447094135}
  m_Enabled: 0
  m_CastShadows: 1
  m_ReceiveShadows: 1
  m_DynamicOccludee: 1
  m_StaticShadowCaster: 0
  m_MotionVectors: 1
  m_LightProbeUsage: 1
  m_ReflectionProbeUsage: 1
  m_RayTracingMode: 2
  m_RayTraceProcedural: 0
  m_RenderingLayerMask: 1
  m_RendererPriority: 0
  m_Materials:
  - {fileID: 2100000, guid: 2bcda8e80b4ec4bd3a6d158316a6c29d, type: 2}
  m_StaticBatchInfo:
    firstSubMesh: 0
    subMeshCount: 0
  m_StaticBatchRoot: {fileID: 0}
  m_ProbeAnchor: {fileID: 0}
  m_LightProbeVolumeOverride: {fileID: 0}
  m_ScaleInLightmap: 1
  m_ReceiveGI: 1
  m_PreserveUVs: 0
  m_IgnoreNormalsForChartDetection: 0
  m_ImportantGI: 0
  m_StitchLightmapSeams: 1
  m_SelectedEditorRenderState: 3
  m_MinimumChartSize: 4
  m_AutoUVMaxDistance: 0.5
  m_AutoUVMaxAngle: 89
  m_LightmapParameters: {fileID: 0}
  m_SortingLayerID: 0
  m_SortingLayer: 0
  m_SortingOrder: 0
  m_AdditionalVertexStreams: {fileID: 0}
--- !u!135 &5748674533969482362
SphereCollider:
  m_ObjectHideFlags: 0
  m_CorrespondingSourceObject: {fileID: 0}
  m_PrefabInstance: {fileID: 0}
  m_PrefabAsset: {fileID: 0}
  m_GameObject: {fileID: 7227545281447094135}
  m_Material: {fileID: 13400000, guid: 5a11ab775fe2e2648a074008884f2e78, type: 2}
  m_IncludeLayers:
    serializedVersion: 2
    m_Bits: 0
  m_ExcludeLayers:
    serializedVersion: 2
    m_Bits: 0
  m_LayerOverridePriority: 0
  m_IsTrigger: 0
  m_ProvidesContacts: 0
  m_Enabled: 1
  serializedVersion: 3
  m_Radius: 0.5
  m_Center: {x: 0, y: 0, z: 0}
--- !u!114 &2145010321209900388
MonoBehaviour:
  m_ObjectHideFlags: 0
  m_CorrespondingSourceObject: {fileID: 0}
  m_PrefabInstance: {fileID: 0}
  m_PrefabAsset: {fileID: 0}
  m_GameObject: {fileID: 7227545281447094135}
  m_Enabled: 1
  m_EditorHideFlags: 0
  m_Script: {fileID: 11500000, guid: 72c1bd8f5d995784d813632e242e4fe8, type: 3}
  m_Name: 
  m_EditorClassIdentifier: 
  acceleration: 100
  airSpeedModifier: 0.3
  maxSpeed: 15
  speedDecayTime: 1
  sprintMulti: 2
  maxSprintBonus: 7.5
  sprintDecayTime: 1
  sprintPercentMin: 0.2
  sprintTimeTotal: 3
  sprintTimeCurrent: 0
  sprintRecovery: 1
  sprinting: 0
  staminaLocked: 0
  powerUpSpeedMulti: 1
  powerUpDecay: 1
  powerUpDecayTime: 1
  powerUpActiveTime: 1
  boostDecayTime: 1
  boostDecay: 0
  boostBonus: 0
  groundMask:
    serializedVersion: 2
    m_Bits: 129
  JumpForce: 444
  myBod: {fileID: 0}
  gliding: 0
  glideFallSpeed: 0
  slamEffect: {fileID: 8901560245648816561, guid: 0e52c74c1f251004e9566616dcfed1de, type: 3}
  slamDownSpeed: 222
  slamPercentSlow: 0.9
  slamSpeedMax: 999
  bubbleSFX:
    Guid:
      Data1: -1434397737
      Data2: 1082172361
      Data3: -540616565
      Data4: 1067925441
    Path: event:/SFX/PlayerMovement
  slamSFX:
    Guid:
      Data1: 1549186613
      Data2: 1085483085
      Data3: -1660922485
      Data4: -565945841
    Path: event:/SFX/Smash
  baseBubbleInterval: 0.5
  speedForFastestBubble: 20
  fastestBubbleSpeed: 0.15
  bubbleSFXCooldown: 0
  slamForceForMaxVolume: 20
  FollowerPrefab: {fileID: 3538744937902273663, guid: 442ae5a2db8ee184787364658b4fea09, type: 3}
--- !u!54 &5717487222200374725
Rigidbody:
  m_ObjectHideFlags: 0
  m_CorrespondingSourceObject: {fileID: 0}
  m_PrefabInstance: {fileID: 0}
  m_PrefabAsset: {fileID: 0}
  m_GameObject: {fileID: 7227545281447094135}
  serializedVersion: 4
  m_Mass: 1
  m_Drag: 0
  m_AngularDrag: 0.05
  m_CenterOfMass: {x: 0, y: 0, z: 0}
  m_InertiaTensor: {x: 1, y: 1, z: 1}
  m_InertiaRotation: {x: 0, y: 0, z: 0, w: 1}
  m_IncludeLayers:
    serializedVersion: 2
    m_Bits: 0
  m_ExcludeLayers:
    serializedVersion: 2
    m_Bits: 0
  m_ImplicitCom: 1
  m_ImplicitTensor: 1
  m_UseGravity: 1
  m_IsKinematic: 0
  m_Interpolate: 0
  m_Constraints: 0
  m_CollisionDetection: 2
--- !u!114 &4483120199427263662
MonoBehaviour:
  m_ObjectHideFlags: 0
  m_CorrespondingSourceObject: {fileID: 0}
  m_PrefabInstance: {fileID: 0}
  m_PrefabAsset: {fileID: 0}
  m_GameObject: {fileID: 7227545281447094135}
  m_Enabled: 1
  m_EditorHideFlags: 0
  m_Script: {fileID: 11500000, guid: 86c6556701af9e04380698b89f691b6e, type: 3}
  m_Name: 
  m_EditorClassIdentifier: 
  attenuationObject: {fileID: 0}
--- !u!114 &1669759416287046346
MonoBehaviour:
  m_ObjectHideFlags: 0
  m_CorrespondingSourceObject: {fileID: 0}
  m_PrefabInstance: {fileID: 0}
  m_PrefabAsset: {fileID: 0}
  m_GameObject: {fileID: 7227545281447094135}
  m_Enabled: 1
  m_EditorHideFlags: 0
  m_Script: {fileID: 11500000, guid: 64bd17d3301b64ff6beab6874734e116, type: 3}
  m_Name: 
  m_EditorClassIdentifier: 
  damageMultiplier: 1
  damageDone: 0
--- !u!114 &2551095577472397271
MonoBehaviour:
  m_ObjectHideFlags: 0
  m_CorrespondingSourceObject: {fileID: 0}
  m_PrefabInstance: {fileID: 0}
  m_PrefabAsset: {fileID: 0}
  m_GameObject: {fileID: 7227545281447094135}
  m_Enabled: 1
  m_EditorHideFlags: 0
  m_Script: {fileID: 11500000, guid: 483303bbea85340c68e31c570d720d9c, type: 3}
  m_Name: 
  m_EditorClassIdentifier: 
  mainMusic:
    Guid:
      Data1: -1660532474
      Data2: 1142351880
      Data3: -1885633660
      Data4: -378681346
    Path: event:/MUS/Main Music
  levelTwoThresh: 10000
  levelThreeThresh: 25000
  levelFourThresh: 50000
  levelFiveThresh: 100000
  levelSixThresh: 200000
  currentChaosAmt: 0
  gameManager: {fileID: 0}
--- !u!1001 &1970245146286311288
PrefabInstance:
  m_ObjectHideFlags: 0
  serializedVersion: 2
  m_Modification:
    serializedVersion: 3
    m_TransformParent: {fileID: 540308985629378123}
    m_Modifications:
    - target: {fileID: -8679921383154817045, guid: d1e303830a7134e3595ace6b6de5ef9a, type: 3}
      propertyPath: m_LocalScale.x
      value: 0.2
      objectReference: {fileID: 0}
    - target: {fileID: -8679921383154817045, guid: d1e303830a7134e3595ace6b6de5ef9a, type: 3}
      propertyPath: m_LocalScale.y
      value: 0.2
      objectReference: {fileID: 0}
    - target: {fileID: -8679921383154817045, guid: d1e303830a7134e3595ace6b6de5ef9a, type: 3}
      propertyPath: m_LocalScale.z
      value: 0.2
      objectReference: {fileID: 0}
    - target: {fileID: -8679921383154817045, guid: d1e303830a7134e3595ace6b6de5ef9a, type: 3}
      propertyPath: m_LocalPosition.x
      value: 0
      objectReference: {fileID: 0}
    - target: {fileID: -8679921383154817045, guid: d1e303830a7134e3595ace6b6de5ef9a, type: 3}
      propertyPath: m_LocalPosition.y
      value: -0.42
      objectReference: {fileID: 0}
    - target: {fileID: -8679921383154817045, guid: d1e303830a7134e3595ace6b6de5ef9a, type: 3}
      propertyPath: m_LocalPosition.z
      value: 0
      objectReference: {fileID: 0}
    - target: {fileID: -8679921383154817045, guid: d1e303830a7134e3595ace6b6de5ef9a, type: 3}
      propertyPath: m_LocalRotation.w
      value: 1
      objectReference: {fileID: 0}
    - target: {fileID: -8679921383154817045, guid: d1e303830a7134e3595ace6b6de5ef9a, type: 3}
      propertyPath: m_LocalRotation.x
      value: 0
      objectReference: {fileID: 0}
    - target: {fileID: -8679921383154817045, guid: d1e303830a7134e3595ace6b6de5ef9a, type: 3}
      propertyPath: m_LocalRotation.y
      value: 0
      objectReference: {fileID: 0}
    - target: {fileID: -8679921383154817045, guid: d1e303830a7134e3595ace6b6de5ef9a, type: 3}
      propertyPath: m_LocalRotation.z
      value: 0
      objectReference: {fileID: 0}
    - target: {fileID: -8679921383154817045, guid: d1e303830a7134e3595ace6b6de5ef9a, type: 3}
      propertyPath: m_LocalEulerAnglesHint.x
      value: 0
      objectReference: {fileID: 0}
    - target: {fileID: -8679921383154817045, guid: d1e303830a7134e3595ace6b6de5ef9a, type: 3}
      propertyPath: m_LocalEulerAnglesHint.y
      value: 0
      objectReference: {fileID: 0}
    - target: {fileID: -8679921383154817045, guid: d1e303830a7134e3595ace6b6de5ef9a, type: 3}
      propertyPath: m_LocalEulerAnglesHint.z
      value: 0
      objectReference: {fileID: 0}
    - target: {fileID: -8679921383154817045, guid: d1e303830a7134e3595ace6b6de5ef9a, type: 3}
      propertyPath: m_ConstrainProportionsScale
      value: 1
      objectReference: {fileID: 0}
    - target: {fileID: -4316292918090517792, guid: d1e303830a7134e3595ace6b6de5ef9a, type: 3}
      propertyPath: m_IsActive
      value: 0
      objectReference: {fileID: 0}
    - target: {fileID: -3196511607817033700, guid: d1e303830a7134e3595ace6b6de5ef9a, type: 3}
      propertyPath: m_IsActive
      value: 0
      objectReference: {fileID: 0}
    - target: {fileID: 919132149155446097, guid: d1e303830a7134e3595ace6b6de5ef9a, type: 3}
      propertyPath: m_Name
      value: hampster
      objectReference: {fileID: 0}
    - target: {fileID: 6317578925029434746, guid: d1e303830a7134e3595ace6b6de5ef9a, type: 3}
      propertyPath: m_Materials.Array.data[0]
      value: 
      objectReference: {fileID: 2100000, guid: 481dc94234761fb44afbab2264d32b21, type: 2}
    m_RemovedComponents: []
    m_RemovedGameObjects: []
    m_AddedGameObjects: []
    m_AddedComponents: []
  m_SourcePrefab: {fileID: 100100000, guid: d1e303830a7134e3595ace6b6de5ef9a, type: 3}
--- !u!4 &2079835065229516947 stripped
Transform:
  m_CorrespondingSourceObject: {fileID: -8679921383154817045, guid: d1e303830a7134e3595ace6b6de5ef9a, type: 3}
  m_PrefabInstance: {fileID: 1970245146286311288}
  m_PrefabAsset: {fileID: 0}
